%YAML 1.1
%TAG !u! tag:unity3d.com,2011:
--- !u!1 &1796616365600029100
GameObject:
  m_ObjectHideFlags: 0
  m_CorrespondingSourceObject: {fileID: 0}
  m_PrefabInstance: {fileID: 0}
  m_PrefabAsset: {fileID: 0}
  serializedVersion: 6
  m_Component:
  - component: {fileID: 5707531719319542109}
  - component: {fileID: 8244771927948188351}
  m_Layer: 0
  m_Name: Animator1 Cannon
  m_TagString: Untagged
  m_Icon: {fileID: 0}
  m_NavMeshLayer: 0
  m_StaticEditorFlags: 0
  m_IsActive: 1
--- !u!4 &5707531719319542109
Transform:
  m_ObjectHideFlags: 0
  m_CorrespondingSourceObject: {fileID: 0}
  m_PrefabInstance: {fileID: 0}
  m_PrefabAsset: {fileID: 0}
  m_GameObject: {fileID: 1796616365600029100}
  m_LocalRotation: {x: 0, y: 0, z: 0, w: 1}
  m_LocalPosition: {x: 0, y: 0, z: 0}
  m_LocalScale: {x: 1, y: 1, z: 1}
  m_Children: []
  m_Father: {fileID: 5644816264191558682}
  m_RootOrder: 2
  m_LocalEulerAnglesHint: {x: 0, y: 0, z: 0}
--- !u!95 &8244771927948188351
Animator:
  serializedVersion: 3
  m_ObjectHideFlags: 0
  m_CorrespondingSourceObject: {fileID: 0}
  m_PrefabInstance: {fileID: 0}
  m_PrefabAsset: {fileID: 0}
  m_GameObject: {fileID: 1796616365600029100}
  m_Enabled: 1
  m_Avatar: {fileID: 0}
  m_Controller: {fileID: 9100000, guid: 130413ab077fc1b41889b83120ff5e31, type: 2}
  m_CullingMode: 0
  m_UpdateMode: 0
  m_ApplyRootMotion: 0
  m_LinearVelocityBlending: 0
  m_WarningMessage: 
  m_HasTransformHierarchy: 1
  m_AllowConstantClipSamplingOptimization: 1
  m_KeepAnimatorControllerStateOnDisable: 0
--- !u!136 &2091282475
CapsuleCollider:
  m_ObjectHideFlags: 0
  m_CorrespondingSourceObject: {fileID: 0}
  m_PrefabInstance: {fileID: 0}
  m_PrefabAsset: {fileID: 0}
  m_GameObject: {fileID: 4980342167668792992}
  m_Material: {fileID: 0}
  m_IsTrigger: 0
  m_Enabled: 1
  m_Radius: 0.50139284
  m_Height: 1.8212103
  m_Direction: 1
  m_Center: {x: 0.11825991, y: 0.8202848, z: 0.19483924}
--- !u!143 &2091282476
CharacterController:
  m_ObjectHideFlags: 0
  m_CorrespondingSourceObject: {fileID: 0}
  m_PrefabInstance: {fileID: 0}
  m_PrefabAsset: {fileID: 0}
  m_GameObject: {fileID: 4980342167668792992}
  m_Material: {fileID: 0}
  m_IsTrigger: 0
  m_Enabled: 1
  serializedVersion: 2
  m_Height: 2
  m_Radius: 0.5
  m_SlopeLimit: 45
  m_StepOffset: 0.3
  m_SkinWidth: 0.08
  m_MinMoveDistance: 0.001
  m_Center: {x: 0, y: 0, z: 0}
--- !u!114 &2091282471
MonoBehaviour:
  m_ObjectHideFlags: 0
  m_CorrespondingSourceObject: {fileID: 0}
  m_PrefabInstance: {fileID: 0}
  m_PrefabAsset: {fileID: 0}
  m_GameObject: {fileID: 4980342167668792992}
  m_Enabled: 1
  m_EditorHideFlags: 0
  m_Script: {fileID: 11500000, guid: bf08d0aca0a5a6740893ec5611a7ed80, type: 3}
  m_Name: 
  m_EditorClassIdentifier: 
  _playercontols: {fileID: -944628639613478452, guid: fbc0e804f80e3b24e96e027a08e28a98, type: 3}
  _character: {fileID: 2091282476}
  _animator: {fileID: 2091282478}
  isRunningForwards: 0
  isRunningBackwards: 0
  isRunningSidewardsLeft: 0
  isRunningSidewardsRight: 0
--- !u!114 &2091282472
MonoBehaviour:
  m_ObjectHideFlags: 0
  m_CorrespondingSourceObject: {fileID: 0}
  m_PrefabInstance: {fileID: 0}
  m_PrefabAsset: {fileID: 0}
  m_GameObject: {fileID: 4980342167668792992}
  m_Enabled: 1
  m_EditorHideFlags: 0
  m_Script: {fileID: 11500000, guid: cd5ba76a7c0253b4999aacfa7ed23371, type: 3}
  m_Name: 
  m_EditorClassIdentifier: 
  _mouseposition: {fileID: 2091282473}
  _location: {x: 0, y: 0, z: 0}
  _player: {fileID: 4980342167668792992}
  _controller: {fileID: 2091282476}
  _playercontols: {fileID: -944628639613478452, guid: fbc0e804f80e3b24e96e027a08e28a98, type: 3}
--- !u!114 &2091282473
MonoBehaviour:
  m_ObjectHideFlags: 0
  m_CorrespondingSourceObject: {fileID: 0}
  m_PrefabInstance: {fileID: 0}
  m_PrefabAsset: {fileID: 0}
  m_GameObject: {fileID: 4980342167668792992}
  m_Enabled: 1
  m_EditorHideFlags: 0
  m_Script: {fileID: 11500000, guid: 034db4b49f432114aa50ff7949f33adc, type: 3}
  m_Name: 
  m_EditorClassIdentifier: 
  _cam: {fileID: 0}
  _pointLook: {x: 0, y: 0, z: 0}
--- !u!114 &2091282474
MonoBehaviour:
  m_ObjectHideFlags: 0
  m_CorrespondingSourceObject: {fileID: 0}
  m_PrefabInstance: {fileID: 0}
  m_PrefabAsset: {fileID: 0}
  m_GameObject: {fileID: 4980342167668792992}
  m_Enabled: 1
  m_EditorHideFlags: 0
  m_Script: {fileID: 11500000, guid: 91128cfe68f26434fb2039c1e9389280, type: 3}
  m_Name: 
  m_EditorClassIdentifier: 
  _health: 0
--- !u!95 &2091282478
Animator:
  serializedVersion: 3
  m_ObjectHideFlags: 0
  m_CorrespondingSourceObject: {fileID: 0}
  m_PrefabInstance: {fileID: 0}
  m_PrefabAsset: {fileID: 0}
  m_GameObject: {fileID: 4980342167668792992}
  m_Enabled: 1
  m_Avatar: {fileID: 0}
  m_Controller: {fileID: 9100000, guid: 130413ab077fc1b41889b83120ff5e31, type: 2}
  m_CullingMode: 0
  m_UpdateMode: 0
  m_ApplyRootMotion: 0
  m_LinearVelocityBlending: 0
  m_WarningMessage: 
  m_HasTransformHierarchy: 1
  m_AllowConstantClipSamplingOptimization: 1
  m_KeepAnimatorControllerStateOnDisable: 0
--- !u!1 &8793103369917256064
GameObject:
  m_ObjectHideFlags: 0
  m_CorrespondingSourceObject: {fileID: 0}
  m_PrefabInstance: {fileID: 0}
  m_PrefabAsset: {fileID: 0}
  serializedVersion: 6
  m_Component:
  - component: {fileID: 2181093312347020749}
  m_Layer: 0
  m_Name: EndOfBarrel
  m_TagString: Untagged
  m_Icon: {fileID: 0}
  m_NavMeshLayer: 0
  m_StaticEditorFlags: 0
  m_IsActive: 1
--- !u!4 &2181093312347020749
Transform:
  m_ObjectHideFlags: 0
  m_CorrespondingSourceObject: {fileID: 0}
  m_PrefabInstance: {fileID: 0}
  m_PrefabAsset: {fileID: 0}
  m_GameObject: {fileID: 8793103369917256064}
  m_LocalRotation: {x: 0, y: 0, z: -0.7071068, w: 0.7071068}
  m_LocalPosition: {x: -0.005, y: -0.0966, z: -0.011}
  m_LocalScale: {x: 1, y: 1, z: 1}
  m_Children:
  - {fileID: 1354272488561078601}
  m_Father: {fileID: 7808877514404981533}
  m_RootOrder: 0
  m_LocalEulerAnglesHint: {x: 0, y: 0, z: -90}
--- !u!1 &8836727856797024219
GameObject:
  m_ObjectHideFlags: 0
  m_CorrespondingSourceObject: {fileID: 0}
  m_PrefabInstance: {fileID: 0}
  m_PrefabAsset: {fileID: 0}
  serializedVersion: 6
  m_Component:
  - component: {fileID: 2438836203924178974}
  - component: {fileID: 3634358284785508534}
  m_Layer: 0
  m_Name: Animator2 Orange
  m_TagString: Untagged
  m_Icon: {fileID: 0}
  m_NavMeshLayer: 0
  m_StaticEditorFlags: 0
  m_IsActive: 1
--- !u!4 &2438836203924178974
Transform:
  m_ObjectHideFlags: 0
  m_CorrespondingSourceObject: {fileID: 0}
  m_PrefabInstance: {fileID: 0}
  m_PrefabAsset: {fileID: 0}
  m_GameObject: {fileID: 8836727856797024219}
  m_LocalRotation: {x: 0, y: 0, z: 0, w: 1}
  m_LocalPosition: {x: 0, y: 0, z: 0}
  m_LocalScale: {x: 1, y: 1, z: 1}
  m_Children: []
  m_Father: {fileID: 5644816264191558682}
  m_RootOrder: 3
  m_LocalEulerAnglesHint: {x: 0, y: 0, z: 0}
--- !u!95 &3634358284785508534
Animator:
  serializedVersion: 3
  m_ObjectHideFlags: 0
  m_CorrespondingSourceObject: {fileID: 0}
  m_PrefabInstance: {fileID: 0}
  m_PrefabAsset: {fileID: 0}
  m_GameObject: {fileID: 8836727856797024219}
  m_Enabled: 1
  m_Avatar: {fileID: 0}
  m_Controller: {fileID: 9100000, guid: c4aa1b01befbc2649a44a8b8fc411767, type: 2}
  m_CullingMode: 0
  m_UpdateMode: 0
  m_ApplyRootMotion: 0
  m_LinearVelocityBlending: 0
  m_WarningMessage: 
  m_HasTransformHierarchy: 1
  m_AllowConstantClipSamplingOptimization: 1
  m_KeepAnimatorControllerStateOnDisable: 0
--- !u!1001 &2570369830473917322
PrefabInstance:
  m_ObjectHideFlags: 0
  serializedVersion: 2
  m_Modification:
    m_TransformParent: {fileID: 2181093312347020749}
    m_Modifications:
    - target: {fileID: 2823727205977762525, guid: b4461b79644df0b4c875ff4cc50099aa, type: 3}
      propertyPath: m_Name
      value: Patato
      objectReference: {fileID: 0}
    - target: {fileID: 3558017536891228867, guid: b4461b79644df0b4c875ff4cc50099aa, type: 3}
      propertyPath: m_RootOrder
      value: 0
      objectReference: {fileID: 0}
    - target: {fileID: 3558017536891228867, guid: b4461b79644df0b4c875ff4cc50099aa, type: 3}
      propertyPath: m_LocalPosition.x
      value: -0.0035788515
      objectReference: {fileID: 0}
    - target: {fileID: 3558017536891228867, guid: b4461b79644df0b4c875ff4cc50099aa, type: 3}
      propertyPath: m_LocalPosition.y
      value: 0.014000006
      objectReference: {fileID: 0}
    - target: {fileID: 3558017536891228867, guid: b4461b79644df0b4c875ff4cc50099aa, type: 3}
      propertyPath: m_LocalPosition.z
      value: 0.016999997
      objectReference: {fileID: 0}
    - target: {fileID: 3558017536891228867, guid: b4461b79644df0b4c875ff4cc50099aa, type: 3}
      propertyPath: m_LocalRotation.w
      value: 0
      objectReference: {fileID: 0}
    - target: {fileID: 3558017536891228867, guid: b4461b79644df0b4c875ff4cc50099aa, type: 3}
      propertyPath: m_LocalRotation.x
      value: 0.7071068
      objectReference: {fileID: 0}
    - target: {fileID: 3558017536891228867, guid: b4461b79644df0b4c875ff4cc50099aa, type: 3}
      propertyPath: m_LocalRotation.y
      value: -0
      objectReference: {fileID: 0}
    - target: {fileID: 3558017536891228867, guid: b4461b79644df0b4c875ff4cc50099aa, type: 3}
      propertyPath: m_LocalRotation.z
      value: 0.7071068
      objectReference: {fileID: 0}
    - target: {fileID: 3558017536891228867, guid: b4461b79644df0b4c875ff4cc50099aa, type: 3}
      propertyPath: m_LocalEulerAnglesHint.x
      value: 0
      objectReference: {fileID: 0}
    - target: {fileID: 3558017536891228867, guid: b4461b79644df0b4c875ff4cc50099aa, type: 3}
      propertyPath: m_LocalEulerAnglesHint.y
      value: 0
      objectReference: {fileID: 0}
    - target: {fileID: 3558017536891228867, guid: b4461b79644df0b4c875ff4cc50099aa, type: 3}
      propertyPath: m_LocalEulerAnglesHint.z
      value: 0
      objectReference: {fileID: 0}
    m_RemovedComponents: []
  m_SourcePrefab: {fileID: 100100000, guid: b4461b79644df0b4c875ff4cc50099aa, type: 3}
--- !u!4 &1354272488561078601 stripped
Transform:
  m_CorrespondingSourceObject: {fileID: 3558017536891228867, guid: b4461b79644df0b4c875ff4cc50099aa, type: 3}
  m_PrefabInstance: {fileID: 2570369830473917322}
  m_PrefabAsset: {fileID: 0}
--- !u!1001 &5322360862634222577
PrefabInstance:
  m_ObjectHideFlags: 0
  serializedVersion: 2
  m_Modification:
    m_TransformParent: {fileID: 0}
    m_Modifications:
    - target: {fileID: -8679921383154817045, guid: 8260bcb6344b75640a36a6094f8763c5, type: 3}
      propertyPath: m_RootOrder
      value: 0
      objectReference: {fileID: 0}
    - target: {fileID: -8679921383154817045, guid: 8260bcb6344b75640a36a6094f8763c5, type: 3}
      propertyPath: m_LocalPosition.x
      value: -0.04
      objectReference: {fileID: 0}
    - target: {fileID: -8679921383154817045, guid: 8260bcb6344b75640a36a6094f8763c5, type: 3}
      propertyPath: m_LocalPosition.y
      value: -0.02
      objectReference: {fileID: 0}
    - target: {fileID: -8679921383154817045, guid: 8260bcb6344b75640a36a6094f8763c5, type: 3}
      propertyPath: m_LocalPosition.z
      value: -1.89
      objectReference: {fileID: 0}
    - target: {fileID: -8679921383154817045, guid: 8260bcb6344b75640a36a6094f8763c5, type: 3}
      propertyPath: m_LocalRotation.w
      value: 1
      objectReference: {fileID: 0}
    - target: {fileID: -8679921383154817045, guid: 8260bcb6344b75640a36a6094f8763c5, type: 3}
      propertyPath: m_LocalRotation.x
      value: 0
      objectReference: {fileID: 0}
    - target: {fileID: -8679921383154817045, guid: 8260bcb6344b75640a36a6094f8763c5, type: 3}
      propertyPath: m_LocalRotation.y
      value: 0
      objectReference: {fileID: 0}
    - target: {fileID: -8679921383154817045, guid: 8260bcb6344b75640a36a6094f8763c5, type: 3}
      propertyPath: m_LocalRotation.z
      value: 0
      objectReference: {fileID: 0}
    - target: {fileID: -8679921383154817045, guid: 8260bcb6344b75640a36a6094f8763c5, type: 3}
      propertyPath: m_LocalEulerAnglesHint.x
      value: 0
      objectReference: {fileID: 0}
    - target: {fileID: -8679921383154817045, guid: 8260bcb6344b75640a36a6094f8763c5, type: 3}
      propertyPath: m_LocalEulerAnglesHint.y
      value: 0
      objectReference: {fileID: 0}
    - target: {fileID: -8679921383154817045, guid: 8260bcb6344b75640a36a6094f8763c5, type: 3}
      propertyPath: m_LocalEulerAnglesHint.z
      value: 0
      objectReference: {fileID: 0}
    - target: {fileID: 919132149155446097, guid: 8260bcb6344b75640a36a6094f8763c5, type: 3}
      propertyPath: m_Name
      value: Player_001 (1)
      objectReference: {fileID: 0}
    - target: {fileID: 919132149155446097, guid: 8260bcb6344b75640a36a6094f8763c5, type: 3}
      propertyPath: m_TagString
      value: Player
      objectReference: {fileID: 0}
    - target: {fileID: 7477672114596797951, guid: 8260bcb6344b75640a36a6094f8763c5, type: 3}
      propertyPath: m_Materials.Array.data[0]
      value: 
      objectReference: {fileID: 2100000, guid: c5e0e361f68fa8b40ad23c1a15b8ca5d, type: 2}
    - target: {fileID: 7477672114596797951, guid: 8260bcb6344b75640a36a6094f8763c5, type: 3}
      propertyPath: m_Materials.Array.data[1]
      value: 
      objectReference: {fileID: 2100000, guid: 4c771d197ec491140b1a880c23b1ff6f, type: 2}
    m_RemovedComponents: []
  m_SourcePrefab: {fileID: 100100000, guid: 8260bcb6344b75640a36a6094f8763c5, type: 3}
--- !u!1 &4980342167668792992 stripped
GameObject:
  m_CorrespondingSourceObject: {fileID: 919132149155446097, guid: 8260bcb6344b75640a36a6094f8763c5, type: 3}
  m_PrefabInstance: {fileID: 5322360862634222577}
  m_PrefabAsset: {fileID: 0}
--- !u!4 &5644816264191558682 stripped
Transform:
  m_CorrespondingSourceObject: {fileID: -8679921383154817045, guid: 8260bcb6344b75640a36a6094f8763c5, type: 3}
  m_PrefabInstance: {fileID: 5322360862634222577}
  m_PrefabAsset: {fileID: 0}
--- !u!1001 &7769850395171065078
PrefabInstance:
  m_ObjectHideFlags: 0
  serializedVersion: 2
  m_Modification:
    m_TransformParent: {fileID: 5644816264191558682}
    m_Modifications:
    - target: {fileID: -8679921383154817045, guid: 761306c16b20f4c4c9645bc73ae06fd8, type: 3}
      propertyPath: m_RootOrder
      value: 4
      objectReference: {fileID: 0}
    - target: {fileID: -8679921383154817045, guid: 761306c16b20f4c4c9645bc73ae06fd8, type: 3}
      propertyPath: m_LocalPosition.x
      value: -0.182
      objectReference: {fileID: 0}
    - target: {fileID: -8679921383154817045, guid: 761306c16b20f4c4c9645bc73ae06fd8, type: 3}
      propertyPath: m_LocalPosition.y
      value: 0.948
      objectReference: {fileID: 0}
    - target: {fileID: -8679921383154817045, guid: 761306c16b20f4c4c9645bc73ae06fd8, type: 3}
      propertyPath: m_LocalPosition.z
      value: 0
      objectReference: {fileID: 0}
    - target: {fileID: -8679921383154817045, guid: 761306c16b20f4c4c9645bc73ae06fd8, type: 3}
      propertyPath: m_LocalRotation.w
      value: 0.5
      objectReference: {fileID: 0}
    - target: {fileID: -8679921383154817045, guid: 761306c16b20f4c4c9645bc73ae06fd8, type: 3}
      propertyPath: m_LocalRotation.x
      value: -0.5
      objectReference: {fileID: 0}
    - target: {fileID: -8679921383154817045, guid: 761306c16b20f4c4c9645bc73ae06fd8, type: 3}
      propertyPath: m_LocalRotation.y
      value: 0.5
      objectReference: {fileID: 0}
    - target: {fileID: -8679921383154817045, guid: 761306c16b20f4c4c9645bc73ae06fd8, type: 3}
      propertyPath: m_LocalRotation.z
      value: -0.5
      objectReference: {fileID: 0}
    - target: {fileID: -8679921383154817045, guid: 761306c16b20f4c4c9645bc73ae06fd8, type: 3}
      propertyPath: m_LocalEulerAnglesHint.x
      value: 0
      objectReference: {fileID: 0}
    - target: {fileID: -8679921383154817045, guid: 761306c16b20f4c4c9645bc73ae06fd8, type: 3}
      propertyPath: m_LocalEulerAnglesHint.y
      value: 90
      objectReference: {fileID: 0}
    - target: {fileID: -8679921383154817045, guid: 761306c16b20f4c4c9645bc73ae06fd8, type: 3}
      propertyPath: m_LocalEulerAnglesHint.z
      value: -90
      objectReference: {fileID: 0}
    - target: {fileID: -7511558181221131132, guid: 761306c16b20f4c4c9645bc73ae06fd8, type: 3}
      propertyPath: m_Materials.Array.data[0]
      value: 
      objectReference: {fileID: 2100000, guid: 77570df058183304cae8187aed0188f8, type: 2}
    - target: {fileID: 919132149155446097, guid: 761306c16b20f4c4c9645bc73ae06fd8, type: 3}
      propertyPath: m_Name
      value: Patato_Cannan
      objectReference: {fileID: 0}
    m_RemovedComponents: []
  m_SourcePrefab: {fileID: 100100000, guid: 761306c16b20f4c4c9645bc73ae06fd8, type: 3}
--- !u!4 &7808877514404981533 stripped
Transform:
  m_CorrespondingSourceObject: {fileID: -8679921383154817045, guid: 761306c16b20f4c4c9645bc73ae06fd8, type: 3}
  m_PrefabInstance: {fileID: 7769850395171065078}
  m_PrefabAsset: {fileID: 0}
