%YAML 1.1
%TAG !u! tag:unity3d.com,2011:
--- !u!1 &137163842115988179
GameObject:
  m_ObjectHideFlags: 0
  m_CorrespondingSourceObject: {fileID: 0}
  m_PrefabInstance: {fileID: 0}
  m_PrefabAsset: {fileID: 0}
  serializedVersion: 6
  m_Component:
  - component: {fileID: 6623722210298196612}
  m_Layer: 0
  m_Name: mixamorig:Spine
  m_TagString: Untagged
  m_Icon: {fileID: 0}
  m_NavMeshLayer: 0
  m_StaticEditorFlags: 0
  m_IsActive: 1
--- !u!4 &6623722210298196612
Transform:
  m_ObjectHideFlags: 0
  m_CorrespondingSourceObject: {fileID: 0}
  m_PrefabInstance: {fileID: 0}
  m_PrefabAsset: {fileID: 0}
  m_GameObject: {fileID: 137163842115988179}
  m_LocalRotation: {x: 0.11707627, y: -0.026587138, z: -0.010567072, w: 0.99271077}
  m_LocalPosition: {x: -0, y: 0.08208527, z: 0.000473754}
  m_LocalScale: {x: 1, y: 1, z: 1}
  m_Children:
  - {fileID: 356219992606107244}
  m_Father: {fileID: 6882847778796077335}
  m_RootOrder: 2
  m_LocalEulerAnglesHint: {x: 0, y: 0, z: 0}
--- !u!1 &340816375067290460
GameObject:
  m_ObjectHideFlags: 0
  m_CorrespondingSourceObject: {fileID: 0}
  m_PrefabInstance: {fileID: 0}
  m_PrefabAsset: {fileID: 0}
  serializedVersion: 6
  m_Component:
  - component: {fileID: 8232930177817466963}
  m_Layer: 0
  m_Name: mixamorig:LeftHandIndex3
  m_TagString: Untagged
  m_Icon: {fileID: 0}
  m_NavMeshLayer: 0
  m_StaticEditorFlags: 0
  m_IsActive: 1
--- !u!4 &8232930177817466963
Transform:
  m_ObjectHideFlags: 0
  m_CorrespondingSourceObject: {fileID: 0}
  m_PrefabInstance: {fileID: 0}
  m_PrefabAsset: {fileID: 0}
  m_GameObject: {fileID: 340816375067290460}
  m_LocalRotation: {x: 0.17389981, y: -0.070406124, z: -0.12927213, w: 0.97369945}
  m_LocalPosition: {x: -0.0030991803, y: 0.055864606, z: -0.019849202}
  m_LocalScale: {x: 1, y: 1, z: 1}
  m_Children:
  - {fileID: 1731391720965939958}
  m_Father: {fileID: 9096047275324303904}
  m_RootOrder: 0
  m_LocalEulerAnglesHint: {x: 0, y: 0, z: 0}
--- !u!1 &489576659427160453
GameObject:
  m_ObjectHideFlags: 0
  m_CorrespondingSourceObject: {fileID: 0}
  m_PrefabInstance: {fileID: 0}
  m_PrefabAsset: {fileID: 0}
  serializedVersion: 6
  m_Component:
  - component: {fileID: 5607754630006322886}
  m_Layer: 0
  m_Name: mixamorig:LeftToeBase
  m_TagString: Untagged
  m_Icon: {fileID: 0}
  m_NavMeshLayer: 0
  m_StaticEditorFlags: 0
  m_IsActive: 1
--- !u!4 &5607754630006322886
Transform:
  m_ObjectHideFlags: 0
  m_CorrespondingSourceObject: {fileID: 0}
  m_PrefabInstance: {fileID: 0}
  m_PrefabAsset: {fileID: 0}
  m_GameObject: {fileID: 489576659427160453}
  m_LocalRotation: {x: 0.45116204, y: 0.04683397, z: -0.010170265, w: 0.8911543}
  m_LocalPosition: {x: -1.4611761e-11, y: 0.112714, z: 3.087244e-10}
  m_LocalScale: {x: 1, y: 1, z: 1}
  m_Children:
  - {fileID: 3190717456953307920}
  m_Father: {fileID: 3802924410530650201}
  m_RootOrder: 0
  m_LocalEulerAnglesHint: {x: 0, y: 0, z: 0}
--- !u!1 &974885381644370951
GameObject:
  m_ObjectHideFlags: 0
  m_CorrespondingSourceObject: {fileID: 0}
  m_PrefabInstance: {fileID: 0}
  m_PrefabAsset: {fileID: 0}
  serializedVersion: 6
  m_Component:
  - component: {fileID: 7312574248916664526}
  m_Layer: 0
  m_Name: mixamorig:RightHandIndex1
  m_TagString: Untagged
  m_Icon: {fileID: 0}
  m_NavMeshLayer: 0
  m_StaticEditorFlags: 0
  m_IsActive: 1
--- !u!4 &7312574248916664526
Transform:
  m_ObjectHideFlags: 0
  m_CorrespondingSourceObject: {fileID: 0}
  m_PrefabInstance: {fileID: 0}
  m_PrefabAsset: {fileID: 0}
  m_GameObject: {fileID: 974885381644370951}
  m_LocalRotation: {x: 0.21377231, y: 0.6578332, z: 0.2722658, w: 0.6689007}
  m_LocalPosition: {x: 6.035619e-10, y: 0.08676349, z: 1.7244768e-10}
  m_LocalScale: {x: 1, y: 1, z: 1}
  m_Children:
  - {fileID: 2860214040805883491}
  m_Father: {fileID: 1003052490815633824}
  m_RootOrder: 0
  m_LocalEulerAnglesHint: {x: 0, y: 0, z: 0}
--- !u!1 &1467648080538972152
GameObject:
  m_ObjectHideFlags: 0
  m_CorrespondingSourceObject: {fileID: 0}
  m_PrefabInstance: {fileID: 0}
  m_PrefabAsset: {fileID: 0}
  serializedVersion: 6
  m_Component:
  - component: {fileID: 1467648080538972155}
  - component: {fileID: 1467648080538972154}
  - component: {fileID: 189343896}
  m_Layer: 0
  m_Name: Weapon1
  m_TagString: Untagged
  m_Icon: {fileID: 0}
  m_NavMeshLayer: 0
  m_StaticEditorFlags: 0
  m_IsActive: 0
--- !u!4 &1467648080538972155
Transform:
  m_ObjectHideFlags: 0
  m_CorrespondingSourceObject: {fileID: 0}
  m_PrefabInstance: {fileID: 0}
  m_PrefabAsset: {fileID: 0}
  m_GameObject: {fileID: 1467648080538972152}
  m_LocalRotation: {x: -0.5714761, y: 0.60367703, z: -0.5364611, w: -0.14559735}
  m_LocalPosition: {x: -0.48741046, y: 0.06835292, z: -0.4811518}
  m_LocalScale: {x: 1, y: 1, z: 1}
  m_Children: []
  m_Father: {fileID: 8814646327863240629}
  m_RootOrder: 1
  m_LocalEulerAnglesHint: {x: 0, y: 0, z: 0}
--- !u!114 &1467648080538972154
MonoBehaviour:
  m_ObjectHideFlags: 0
  m_CorrespondingSourceObject: {fileID: 0}
  m_PrefabInstance: {fileID: 0}
  m_PrefabAsset: {fileID: 0}
  m_GameObject: {fileID: 1467648080538972152}
  m_Enabled: 1
  m_EditorHideFlags: 0
  m_Script: {fileID: 11500000, guid: 84d2d8167fcd52f4598dd3cb0a534c0b, type: 3}
  m_Name: 
  m_EditorClassIdentifier: 
  _playercontols: {fileID: -944628639613478452, guid: fbc0e804f80e3b24e96e027a08e28a98, type: 3}
  _firePoint: {fileID: 1467648080538972155}
  _patato: {fileID: 7657218865450034638, guid: 93c9178bc08c49848b2e86918ec8ce49, type: 3}
  _shootForce: 0.5
  _upwardForce: 0
  _timebetweenshooting: 0.1
  _spread: 3
  _reloadTime: 1.5
  _timebetweenshots: 0
  _bulletsLeft: 0
  _bulletsShot: 0
  _magazineSize: 100
  _bulletsPerTap: 1
  _shooting: 0
  _readyToShoot: 0
  reloading: 0
  _allowButtonHold: 0
  _reloading: 0
  _fpsCamera: {fileID: 0}
  _attackPoint: {fileID: 4883658920773859412}
  _allowInvoke: 1
  _mouselook: {fileID: 6738213139557275056}
  _ammunitionDisplay: {fileID: 0}
--- !u!114 &189343896
MonoBehaviour:
  m_ObjectHideFlags: 0
  m_CorrespondingSourceObject: {fileID: 0}
  m_PrefabInstance: {fileID: 0}
  m_PrefabAsset: {fileID: 0}
  m_GameObject: {fileID: 1467648080538972152}
  m_Enabled: 1
  m_EditorHideFlags: 0
  m_Script: {fileID: 11500000, guid: 62899f850307741f2a39c98a8b639597, type: 3}
  m_Name: 
  m_EditorClassIdentifier: 
  m_Actions: {fileID: -944628639613478452, guid: fbc0e804f80e3b24e96e027a08e28a98, type: 3}
  m_NotificationBehavior: 2
  m_UIInputModule: {fileID: 0}
  m_DeviceLostEvent:
    m_PersistentCalls:
      m_Calls: []
  m_DeviceRegainedEvent:
    m_PersistentCalls:
      m_Calls: []
  m_ControlsChangedEvent:
    m_PersistentCalls:
      m_Calls: []
  m_ActionEvents:
  - m_PersistentCalls:
      m_Calls: []
    m_ActionId: ad0f8a6e-8c15-40e4-ae41-98aaed14e400
    m_ActionName: Player/Move[/Keyboard/w,/Keyboard/a,/Keyboard/s,/Keyboard/d,/XInputControllerWindows/leftStick/up,/XInputControllerWindows/leftStick/down,/XInputControllerWindows/leftStick/left,/XInputControllerWindows/leftStick/right,/Keyboard/upArrow,/Keyboard/downArrow,/Keyboard/leftArrow,/Keyboard/rightArrow]
  - m_PersistentCalls:
      m_Calls: []
    m_ActionId: 1b7b2d34-8be8-408e-9fdd-c851e3e02998
    m_ActionName: Player/Teleport[/Mouse/rightButton,/XInputControllerWindows/buttonEast]
  - m_PersistentCalls:
      m_Calls: []
    m_ActionId: f25070e5-6798-43af-8f3a-5eff39fce850
    m_ActionName: Player/Control
  - m_PersistentCalls:
      m_Calls:
      - m_Target: {fileID: 2029082903031220293, guid: b4461b79644df0b4c875ff4cc50099aa, type: 3}
        m_TargetAssemblyTypeName: OnAttack, Assembly-CSharp
        m_MethodName: OnAttackManager
        m_Mode: 0
        m_Arguments:
          m_ObjectArgument: {fileID: 0}
          m_ObjectArgumentAssemblyTypeName: UnityEngine.Object, UnityEngine
          m_IntArgument: 0
          m_FloatArgument: 0
          m_StringArgument: 
          m_BoolArgument: 0
        m_CallState: 2
    m_ActionId: f9026844-9e37-4aec-972d-5e48f26df741
    m_ActionName: Player/Fire[/Mouse/leftButton,/XInputControllerWindows/rightTrigger]
  m_NeverAutoSwitchControlSchemes: 0
  m_DefaultControlScheme: 
  m_DefaultActionMap: Player
  m_SplitScreenIndex: -1
  m_Camera: {fileID: 0}
--- !u!1 &1467648080978271096
GameObject:
  m_ObjectHideFlags: 0
  m_CorrespondingSourceObject: {fileID: 0}
  m_PrefabInstance: {fileID: 0}
  m_PrefabAsset: {fileID: 0}
  serializedVersion: 6
  m_Component:
  - component: {fileID: 1467648080978271099}
  m_Layer: 0
  m_Name: Weapon2
  m_TagString: Untagged
  m_Icon: {fileID: 0}
  m_NavMeshLayer: 0
  m_StaticEditorFlags: 0
  m_IsActive: 0
--- !u!4 &1467648080978271099
Transform:
  m_ObjectHideFlags: 0
  m_CorrespondingSourceObject: {fileID: 0}
  m_PrefabInstance: {fileID: 0}
  m_PrefabAsset: {fileID: 0}
  m_GameObject: {fileID: 1467648080978271096}
  m_LocalRotation: {x: -0.5714761, y: 0.60367703, z: -0.5364611, w: -0.14559735}
  m_LocalPosition: {x: -0.48741046, y: 0.06835292, z: -0.4811518}
  m_LocalScale: {x: 1, y: 1, z: 1}
  m_Children:
  - {fileID: 1428937794427378215}
  m_Father: {fileID: 8814646327863240629}
  m_RootOrder: 0
  m_LocalEulerAnglesHint: {x: 0, y: 0, z: 0}
--- !u!1 &1467648081549634151
GameObject:
  m_ObjectHideFlags: 0
  m_CorrespondingSourceObject: {fileID: 0}
  m_PrefabInstance: {fileID: 0}
  m_PrefabAsset: {fileID: 0}
  serializedVersion: 6
  m_Component:
  - component: {fileID: 1467648081549634150}
  m_Layer: 0
  m_Name: Weapon0
  m_TagString: Untagged
  m_Icon: {fileID: 0}
  m_NavMeshLayer: 0
  m_StaticEditorFlags: 0
  m_IsActive: 0
--- !u!4 &1467648081549634150
Transform:
  m_ObjectHideFlags: 0
  m_CorrespondingSourceObject: {fileID: 0}
  m_PrefabInstance: {fileID: 0}
  m_PrefabAsset: {fileID: 0}
  m_GameObject: {fileID: 1467648081549634151}
  m_LocalRotation: {x: -0, y: -0, z: -0, w: 1}
  m_LocalPosition: {x: -0.18200001, y: 0.948, z: 0}
  m_LocalScale: {x: 1, y: 1, z: 1}
  m_Children:
  - {fileID: 3592823155228200580}
  m_Father: {fileID: 1428937793604968835}
  m_RootOrder: 4
  m_LocalEulerAnglesHint: {x: 0, y: 0, z: 0}
--- !u!1 &1476819172419750033
GameObject:
  m_ObjectHideFlags: 0
  m_CorrespondingSourceObject: {fileID: 0}
  m_PrefabInstance: {fileID: 0}
  m_PrefabAsset: {fileID: 0}
  serializedVersion: 6
  m_Component:
  - component: {fileID: 8530537846968827893}
  m_Layer: 0
  m_Name: mixamorig:RightShoulder
  m_TagString: Untagged
  m_Icon: {fileID: 0}
  m_NavMeshLayer: 0
  m_StaticEditorFlags: 0
  m_IsActive: 1
--- !u!4 &8530537846968827893
Transform:
  m_ObjectHideFlags: 0
  m_CorrespondingSourceObject: {fileID: 0}
  m_PrefabInstance: {fileID: 0}
  m_PrefabAsset: {fileID: 0}
  m_GameObject: {fileID: 1476819172419750033}
  m_LocalRotation: {x: 0.68353903, y: 0.25945812, z: -0.6117693, w: 0.30198368}
  m_LocalPosition: {x: 0.05005283, y: 0.09831055, z: 0.00022906873}
  m_LocalScale: {x: 1, y: 1, z: 1}
  m_Children:
  - {fileID: 5123857127109613933}
  m_Father: {fileID: 1246028455441946119}
  m_RootOrder: 2
  m_LocalEulerAnglesHint: {x: 0, y: 0, z: 0}
--- !u!1 &1603563341346784302
GameObject:
  m_ObjectHideFlags: 0
  m_CorrespondingSourceObject: {fileID: 0}
  m_PrefabInstance: {fileID: 0}
  m_PrefabAsset: {fileID: 0}
  serializedVersion: 6
  m_Component:
  - component: {fileID: 5123857127109613933}
  m_Layer: 0
  m_Name: mixamorig:RightArm
  m_TagString: Untagged
  m_Icon: {fileID: 0}
  m_NavMeshLayer: 0
  m_StaticEditorFlags: 0
  m_IsActive: 1
--- !u!4 &5123857127109613933
Transform:
  m_ObjectHideFlags: 0
  m_CorrespondingSourceObject: {fileID: 0}
  m_PrefabInstance: {fileID: 0}
  m_PrefabAsset: {fileID: 0}
  m_GameObject: {fileID: 1603563341346784302}
  m_LocalRotation: {x: 0.29272982, y: -0.017028404, z: -0.0075148675, w: 0.95601404}
  m_LocalPosition: {x: -1.4939987e-11, y: 0.10750181, z: 0.000000002101495}
  m_LocalScale: {x: 1, y: 1, z: 1}
  m_Children:
  - {fileID: 4021007267429708736}
  m_Father: {fileID: 8530537846968827893}
  m_RootOrder: 0
  m_LocalEulerAnglesHint: {x: 0, y: 0, z: 0}
--- !u!1 &1774220300880460601
GameObject:
  m_ObjectHideFlags: 0
  m_CorrespondingSourceObject: {fileID: 0}
  m_PrefabInstance: {fileID: 0}
  m_PrefabAsset: {fileID: 0}
  serializedVersion: 6
  m_Component:
  - component: {fileID: 1428937793604968835}
  - component: {fileID: 6738213139557275061}
  - component: {fileID: 6738213139557275063}
  - component: {fileID: 6738213139557275070}
  - component: {fileID: 6738213139557275057}
  - component: {fileID: 6738213139557275056}
  - component: {fileID: 6738213139557275059}
  m_Layer: 0
  m_Name: Player_003
  m_TagString: Player
  m_Icon: {fileID: 0}
  m_NavMeshLayer: 0
  m_StaticEditorFlags: 0
  m_IsActive: 1
--- !u!4 &1428937793604968835
Transform:
  m_ObjectHideFlags: 0
  m_CorrespondingSourceObject: {fileID: 0}
  m_PrefabInstance: {fileID: 0}
  m_PrefabAsset: {fileID: 0}
  m_GameObject: {fileID: 1774220300880460601}
  m_LocalRotation: {x: 0, y: 0, z: 0, w: 1}
  m_LocalPosition: {x: -0.04, y: -0.02, z: -1.89}
  m_LocalScale: {x: 1, y: 1, z: 1}
  m_Children:
  - {fileID: 6882847778796077335}
  - {fileID: 6493367793339337604}
  - {fileID: 1348767605642034372}
  - {fileID: 8960630251508690311}
  - {fileID: 1467648081549634150}
  m_Father: {fileID: 0}
  m_RootOrder: 0
  m_LocalEulerAnglesHint: {x: 0, y: 0, z: 0}
--- !u!143 &6738213139557275061
CharacterController:
  m_ObjectHideFlags: 0
  m_CorrespondingSourceObject: {fileID: 0}
  m_PrefabInstance: {fileID: 0}
  m_PrefabAsset: {fileID: 0}
  m_GameObject: {fileID: 1774220300880460601}
  m_Material: {fileID: 0}
  m_IsTrigger: 0
  m_Enabled: 1
  serializedVersion: 2
  m_Height: 2
  m_Radius: 0.4
  m_SlopeLimit: 45
  m_StepOffset: 0.3
  m_SkinWidth: 0.08
  m_MinMoveDistance: 0.001
  m_Center: {x: 0, y: 1, z: 0}
--- !u!95 &6738213139557275063
Animator:
  serializedVersion: 3
  m_ObjectHideFlags: 0
  m_CorrespondingSourceObject: {fileID: 0}
  m_PrefabInstance: {fileID: 0}
  m_PrefabAsset: {fileID: 0}
  m_GameObject: {fileID: 1774220300880460601}
  m_Enabled: 1
  m_Avatar: {fileID: 0}
  m_Controller: {fileID: 9100000, guid: 130413ab077fc1b41889b83120ff5e31, type: 2}
  m_CullingMode: 0
  m_UpdateMode: 0
  m_ApplyRootMotion: 0
  m_LinearVelocityBlending: 0
  m_WarningMessage: 
  m_HasTransformHierarchy: 1
  m_AllowConstantClipSamplingOptimization: 1
  m_KeepAnimatorControllerStateOnDisable: 0
--- !u!114 &6738213139557275070
MonoBehaviour:
  m_ObjectHideFlags: 0
  m_CorrespondingSourceObject: {fileID: 0}
  m_PrefabInstance: {fileID: 0}
  m_PrefabAsset: {fileID: 0}
  m_GameObject: {fileID: 1774220300880460601}
  m_Enabled: 1
  m_EditorHideFlags: 0
  m_Script: {fileID: 11500000, guid: bf08d0aca0a5a6740893ec5611a7ed80, type: 3}
  m_Name: 
  m_EditorClassIdentifier: 
  _playercontols: {fileID: -944628639613478452, guid: fbc0e804f80e3b24e96e027a08e28a98, type: 3}
  _weaponselect: {fileID: 0}
  _character: {fileID: 6738213139557275061}
  animator: {fileID: 6738213139557275063}
  isRunningForwards: 0
  isRunningBackwards: 0
  isRunningSidewardsLeft: 0
  isRunningSidewardsRight: 0
--- !u!114 &6738213139557275057
MonoBehaviour:
  m_ObjectHideFlags: 0
  m_CorrespondingSourceObject: {fileID: 0}
  m_PrefabInstance: {fileID: 0}
  m_PrefabAsset: {fileID: 0}
  m_GameObject: {fileID: 1774220300880460601}
  m_Enabled: 1
  m_EditorHideFlags: 0
  m_Script: {fileID: 11500000, guid: cd5ba76a7c0253b4999aacfa7ed23371, type: 3}
  m_Name: 
  m_EditorClassIdentifier: 
  _mouseposition: {fileID: 6738213139557275056}
  _location: {x: 0, y: 0, z: 0}
  _player: {fileID: 1774220300880460601}
  _controller: {fileID: 6738213139557275061}
  _playercontols: {fileID: -944628639613478452, guid: fbc0e804f80e3b24e96e027a08e28a98, type: 3}
--- !u!114 &6738213139557275056
MonoBehaviour:
  m_ObjectHideFlags: 0
  m_CorrespondingSourceObject: {fileID: 0}
  m_PrefabInstance: {fileID: 0}
  m_PrefabAsset: {fileID: 0}
  m_GameObject: {fileID: 1774220300880460601}
  m_Enabled: 1
  m_EditorHideFlags: 0
  m_Script: {fileID: 11500000, guid: 034db4b49f432114aa50ff7949f33adc, type: 3}
  m_Name: 
  m_EditorClassIdentifier: 
  _cam: {fileID: 0}
  _pointLook: {x: 0, y: 0, z: 0}
--- !u!114 &6738213139557275059
MonoBehaviour:
  m_ObjectHideFlags: 0
  m_CorrespondingSourceObject: {fileID: 0}
  m_PrefabInstance: {fileID: 0}
  m_PrefabAsset: {fileID: 0}
  m_GameObject: {fileID: 1774220300880460601}
  m_Enabled: 1
  m_EditorHideFlags: 0
  m_Script: {fileID: 11500000, guid: 91128cfe68f26434fb2039c1e9389280, type: 3}
  m_Name: 
  m_EditorClassIdentifier: 
  _health: 0
  animator: {fileID: 0}
--- !u!65 &820205010
BoxCollider:
  m_ObjectHideFlags: 0
  m_CorrespondingSourceObject: {fileID: 0}
  m_PrefabInstance: {fileID: 0}
  m_PrefabAsset: {fileID: 0}
  m_GameObject: {fileID: 1774220302172618909}
  m_Material: {fileID: 0}
  m_IsTrigger: 1
  m_Enabled: 1
  serializedVersion: 2
  m_Size: {x: 0.2523084, y: 0.29947886, z: 0.60745156}
  m_Center: {x: -0.00000030341377, y: -0.014739014, z: 0.16872571}
--- !u!114 &820205009
MonoBehaviour:
  m_ObjectHideFlags: 0
  m_CorrespondingSourceObject: {fileID: 0}
  m_PrefabInstance: {fileID: 0}
  m_PrefabAsset: {fileID: 0}
  m_GameObject: {fileID: 1774220302172618909}
  m_Enabled: 0
  m_EditorHideFlags: 0
  m_Script: {fileID: 11500000, guid: 931bfe3b4f4bac042b1492b39c379400, type: 3}
  m_Name: 
  m_EditorClassIdentifier: 
  Enemy: {fileID: 0}
  Enemyhealth: {fileID: 0}
  _currentWeapon: 0
  _weaponSelect: {fileID: 0}
--- !u!114 &820205011
MonoBehaviour:
  m_ObjectHideFlags: 0
  m_CorrespondingSourceObject: {fileID: 0}
  m_PrefabInstance: {fileID: 0}
  m_PrefabAsset: {fileID: 0}
  m_GameObject: {fileID: 1774220302172618909}
  m_Enabled: 1
  m_EditorHideFlags: 0
  m_Script: {fileID: 11500000, guid: 4f9f08796a6509643a7f8bddf55c26d0, type: 3}
  m_Name: 
  m_EditorClassIdentifier: 
  _playercontols: {fileID: -944628639613478452, guid: fbc0e804f80e3b24e96e027a08e28a98, type: 3}
  _weaponselect: {fileID: 0}
  _move: {fileID: 6738213139557275070}
  _map:
    m_Name: Map
    m_Id: d90d79fc-0be4-46d7-8d15-48762841c17c
    m_Asset: {fileID: 0}
    m_Actions: []
    m_Bindings: []
  patato_Weapon: {fileID: 1467648079565266656}
--- !u!114 &1467648080971115511
MonoBehaviour:
  m_ObjectHideFlags: 0
  m_CorrespondingSourceObject: {fileID: 0}
  m_PrefabInstance: {fileID: 0}
  m_PrefabAsset: {fileID: 0}
  m_GameObject: {fileID: 1774220302172618909}
  m_Enabled: 1
  m_EditorHideFlags: 0
  m_Script: {fileID: 11500000, guid: 4f9f08796a6509643a7f8bddf55c26d0, type: 3}
  m_Name: 
  m_EditorClassIdentifier: 
  _playercontols: {fileID: -944628639613478452, guid: fbc0e804f80e3b24e96e027a08e28a98, type: 3}
  _weaponselect: {fileID: 0}
  _move: {fileID: 6738213139557275070}
  _map:
    m_Name: Map
    m_Id: ec76d913-ae3d-4b97-a7a8-cad35c5122ae
    m_Asset: {fileID: 0}
    m_Actions: []
    m_Bindings: []
  patato_Weapon: {fileID: 0}
--- !u!1 &1971207452739623010
GameObject:
  m_ObjectHideFlags: 0
  m_CorrespondingSourceObject: {fileID: 0}
  m_PrefabInstance: {fileID: 0}
  m_PrefabAsset: {fileID: 0}
  serializedVersion: 6
  m_Component:
  - component: {fileID: 6882847778796077335}
  m_Layer: 0
  m_Name: mixamorig:Hips
  m_TagString: Untagged
  m_Icon: {fileID: 0}
  m_NavMeshLayer: 0
  m_StaticEditorFlags: 0
  m_IsActive: 1
--- !u!4 &6882847778796077335
Transform:
  m_ObjectHideFlags: 0
  m_CorrespondingSourceObject: {fileID: 0}
  m_PrefabInstance: {fileID: 0}
  m_PrefabAsset: {fileID: 0}
  m_GameObject: {fileID: 1971207452739623010}
  m_LocalRotation: {x: -0.07139366, y: -0.030731576, z: -0.004200549, w: 0.9969659}
  m_LocalPosition: {x: 0.0005324001, y: 0.5047116, z: -0.023349244}
  m_LocalScale: {x: 1, y: 1, z: 1}
  m_Children:
  - {fileID: 4024611469223868523}
  - {fileID: 7278195542664525352}
  - {fileID: 6623722210298196612}
  m_Father: {fileID: 1428937793604968835}
  m_RootOrder: 0
  m_LocalEulerAnglesHint: {x: 0, y: 0, z: 0}
--- !u!1 &2491422956205331235
GameObject:
  m_ObjectHideFlags: 0
  m_CorrespondingSourceObject: {fileID: 0}
  m_PrefabInstance: {fileID: 0}
  m_PrefabAsset: {fileID: 0}
  serializedVersion: 6
  m_Component:
  - component: {fileID: 8253235879131953297}
  m_Layer: 0
  m_Name: mixamorig:LeftForeArm
  m_TagString: Untagged
  m_Icon: {fileID: 0}
  m_NavMeshLayer: 0
  m_StaticEditorFlags: 0
  m_IsActive: 1
--- !u!4 &8253235879131953297
Transform:
  m_ObjectHideFlags: 0
  m_CorrespondingSourceObject: {fileID: 0}
  m_PrefabInstance: {fileID: 0}
  m_PrefabAsset: {fileID: 0}
  m_GameObject: {fileID: 2491422956205331235}
  m_LocalRotation: {x: -0.0005278006, y: -0.00078886066, z: -0.33392408, w: 0.94259953}
  m_LocalPosition: {x: 3.1943736e-11, y: 0.22204787, z: 0.0000000012405079}
  m_LocalScale: {x: 1, y: 1, z: 1}
  m_Children:
  - {fileID: 5648154883366032299}
  m_Father: {fileID: 4900913507973485904}
  m_RootOrder: 0
  m_LocalEulerAnglesHint: {x: 0, y: 0, z: 0}
--- !u!1 &2555978873768770932
GameObject:
  m_ObjectHideFlags: 0
  m_CorrespondingSourceObject: {fileID: 0}
  m_PrefabInstance: {fileID: 0}
  m_PrefabAsset: {fileID: 0}
  serializedVersion: 6
  m_Component:
  - component: {fileID: 1731391720965939958}
  m_Layer: 0
  m_Name: mixamorig:LeftHandIndex4
  m_TagString: Untagged
  m_Icon: {fileID: 0}
  m_NavMeshLayer: 0
  m_StaticEditorFlags: 0
  m_IsActive: 1
--- !u!4 &1731391720965939958
Transform:
  m_ObjectHideFlags: 0
  m_CorrespondingSourceObject: {fileID: 0}
  m_PrefabInstance: {fileID: 0}
  m_PrefabAsset: {fileID: 0}
  m_GameObject: {fileID: 2555978873768770932}
  m_LocalRotation: {x: 0, y: -0, z: -0, w: 1}
  m_LocalPosition: {x: 0.0018937227, y: 0.016446853, z: -0.011343848}
  m_LocalScale: {x: 1, y: 1, z: 1}
  m_Children: []
  m_Father: {fileID: 8232930177817466963}
  m_RootOrder: 0
  m_LocalEulerAnglesHint: {x: 0, y: 0, z: 0}
--- !u!1 &2574186208189821712
GameObject:
  m_ObjectHideFlags: 0
  m_CorrespondingSourceObject: {fileID: 0}
  m_PrefabInstance: {fileID: 0}
  m_PrefabAsset: {fileID: 0}
  serializedVersion: 6
  m_Component:
  - component: {fileID: 5634662362511432314}
  m_Layer: 0
  m_Name: mixamorig:Neck
  m_TagString: Untagged
  m_Icon: {fileID: 0}
  m_NavMeshLayer: 0
  m_StaticEditorFlags: 0
  m_IsActive: 1
--- !u!4 &5634662362511432314
Transform:
  m_ObjectHideFlags: 0
  m_CorrespondingSourceObject: {fileID: 0}
  m_PrefabInstance: {fileID: 0}
  m_PrefabAsset: {fileID: 0}
  m_GameObject: {fileID: 2574186208189821712}
  m_LocalRotation: {x: -0.010419307, y: 0.0059564956, z: -0.0015632919, w: 0.9999268}
  m_LocalPosition: {x: -0, y: 0.12312994, z: -3.2051885e-11}
  m_LocalScale: {x: 1, y: 1, z: 1}
  m_Children:
  - {fileID: 5023776023686247168}
  m_Father: {fileID: 1246028455441946119}
  m_RootOrder: 1
  m_LocalEulerAnglesHint: {x: 0, y: 0, z: 0}
--- !u!1 &2771949937059017825
GameObject:
  m_ObjectHideFlags: 0
  m_CorrespondingSourceObject: {fileID: 0}
  m_PrefabInstance: {fileID: 0}
  m_PrefabAsset: {fileID: 0}
  serializedVersion: 6
  m_Component:
  - component: {fileID: 8814646327863240629}
  m_Layer: 0
  m_Name: mixamorig:RightHandIndex4
  m_TagString: Untagged
  m_Icon: {fileID: 0}
  m_NavMeshLayer: 0
  m_StaticEditorFlags: 0
  m_IsActive: 1
--- !u!4 &8814646327863240629
Transform:
  m_ObjectHideFlags: 0
  m_CorrespondingSourceObject: {fileID: 0}
  m_PrefabInstance: {fileID: 0}
  m_PrefabAsset: {fileID: 0}
  m_GameObject: {fileID: 2771949937059017825}
  m_LocalRotation: {x: 0, y: -0, z: -0, w: 1}
  m_LocalPosition: {x: -0.0029567396, y: 0.01916568, z: -0.011028848}
  m_LocalScale: {x: 1, y: 1, z: 1}
  m_Children:
  - {fileID: 1467648080978271099}
  - {fileID: 1467648080538972155}
  m_Father: {fileID: 5972719824820964650}
  m_RootOrder: 0
  m_LocalEulerAnglesHint: {x: 0, y: 0, z: 0}
--- !u!1 &2778515855969543935
GameObject:
  m_ObjectHideFlags: 0
  m_CorrespondingSourceObject: {fileID: 0}
  m_PrefabInstance: {fileID: 0}
  m_PrefabAsset: {fileID: 0}
  serializedVersion: 6
  m_Component:
  - component: {fileID: 4334608642217742528}
  m_Layer: 0
  m_Name: mixamorig:RightToeBase
  m_TagString: Untagged
  m_Icon: {fileID: 0}
  m_NavMeshLayer: 0
  m_StaticEditorFlags: 0
  m_IsActive: 1
--- !u!4 &4334608642217742528
Transform:
  m_ObjectHideFlags: 0
  m_CorrespondingSourceObject: {fileID: 0}
  m_PrefabInstance: {fileID: 0}
  m_PrefabAsset: {fileID: 0}
  m_GameObject: {fileID: 2778515855969543935}
  m_LocalRotation: {x: 0.25530618, y: -0.04625624, z: 0.012072499, w: 0.9656777}
  m_LocalPosition: {x: 2.4365088e-10, y: 0.11219077, z: 6.845949e-10}
  m_LocalScale: {x: 1, y: 1, z: 1}
  m_Children:
  - {fileID: 8933534387863711842}
  m_Father: {fileID: 2030863174150627348}
  m_RootOrder: 0
  m_LocalEulerAnglesHint: {x: 0, y: 0, z: 0}
--- !u!1 &2819442536717179458
GameObject:
  m_ObjectHideFlags: 0
  m_CorrespondingSourceObject: {fileID: 0}
  m_PrefabInstance: {fileID: 0}
  m_PrefabAsset: {fileID: 0}
  serializedVersion: 6
  m_Component:
  - component: {fileID: 8960630251508690311}
  - component: {fileID: 8065142900107461935}
  m_Layer: 0
  m_Name: Animator2 Orange
  m_TagString: Untagged
  m_Icon: {fileID: 0}
  m_NavMeshLayer: 0
  m_StaticEditorFlags: 0
  m_IsActive: 1
--- !u!4 &8960630251508690311
Transform:
  m_ObjectHideFlags: 0
  m_CorrespondingSourceObject: {fileID: 0}
  m_PrefabInstance: {fileID: 0}
  m_PrefabAsset: {fileID: 0}
  m_GameObject: {fileID: 2819442536717179458}
  m_LocalRotation: {x: 0, y: 0, z: 0, w: 1}
  m_LocalPosition: {x: 0, y: 0, z: 0}
  m_LocalScale: {x: 1, y: 1, z: 1}
  m_Children: []
  m_Father: {fileID: 1428937793604968835}
  m_RootOrder: 3
  m_LocalEulerAnglesHint: {x: 0, y: 0, z: 0}
--- !u!95 &8065142900107461935
Animator:
  serializedVersion: 3
  m_ObjectHideFlags: 0
  m_CorrespondingSourceObject: {fileID: 0}
  m_PrefabInstance: {fileID: 0}
  m_PrefabAsset: {fileID: 0}
  m_GameObject: {fileID: 2819442536717179458}
  m_Enabled: 1
  m_Avatar: {fileID: 0}
  m_Controller: {fileID: 0}
  m_CullingMode: 0
  m_UpdateMode: 0
  m_ApplyRootMotion: 0
  m_LinearVelocityBlending: 0
  m_WarningMessage: 
  m_HasTransformHierarchy: 1
  m_AllowConstantClipSamplingOptimization: 1
  m_KeepAnimatorControllerStateOnDisable: 0
--- !u!1 &2847842642421445657
GameObject:
  m_ObjectHideFlags: 0
  m_CorrespondingSourceObject: {fileID: 0}
  m_PrefabInstance: {fileID: 0}
  m_PrefabAsset: {fileID: 0}
  serializedVersion: 6
  m_Component:
  - component: {fileID: 4883658920773859412}
  m_Layer: 0
  m_Name: EndOfBarrel
  m_TagString: Untagged
  m_Icon: {fileID: 0}
  m_NavMeshLayer: 0
  m_StaticEditorFlags: 0
  m_IsActive: 1
--- !u!4 &4883658920773859412
Transform:
  m_ObjectHideFlags: 0
  m_CorrespondingSourceObject: {fileID: 0}
  m_PrefabInstance: {fileID: 0}
  m_PrefabAsset: {fileID: 0}
  m_GameObject: {fileID: 2847842642421445657}
  m_LocalRotation: {x: 0, y: 0.70710677, z: -0.70710677, w: 0}
  m_LocalPosition: {x: 0, y: -0.148, z: 0}
  m_LocalScale: {x: 1, y: 1, z: 1}
  m_Children:
  - {fileID: 5713280675567391952}
  m_Father: {fileID: 3592823155228200580}
  m_RootOrder: 0
  m_LocalEulerAnglesHint: {x: 90, y: 90, z: -90}
--- !u!1 &3024940825090897093
GameObject:
  m_ObjectHideFlags: 0
  m_CorrespondingSourceObject: {fileID: 0}
  m_PrefabInstance: {fileID: 0}
  m_PrefabAsset: {fileID: 0}
  serializedVersion: 6
  m_Component:
  - component: {fileID: 5972719824820964650}
  m_Layer: 0
  m_Name: mixamorig:RightHandIndex3
  m_TagString: Untagged
  m_Icon: {fileID: 0}
  m_NavMeshLayer: 0
  m_StaticEditorFlags: 0
  m_IsActive: 1
--- !u!4 &5972719824820964650
Transform:
  m_ObjectHideFlags: 0
  m_CorrespondingSourceObject: {fileID: 0}
  m_PrefabInstance: {fileID: 0}
  m_PrefabAsset: {fileID: 0}
  m_GameObject: {fileID: 3024940825090897093}
  m_LocalRotation: {x: 0.09144091, y: 0.12822363, z: 0.25632048, w: 0.95367557}
  m_LocalPosition: {x: -0.002682334, y: 0.059035227, z: -0.021581056}
  m_LocalScale: {x: 1, y: 1, z: 1}
  m_Children:
  - {fileID: 8814646327863240629}
  m_Father: {fileID: 2860214040805883491}
  m_RootOrder: 0
  m_LocalEulerAnglesHint: {x: 0, y: 0, z: 0}
--- !u!1 &3044260804723707812
GameObject:
  m_ObjectHideFlags: 0
  m_CorrespondingSourceObject: {fileID: 0}
  m_PrefabInstance: {fileID: 0}
  m_PrefabAsset: {fileID: 0}
  serializedVersion: 6
  m_Component:
  - component: {fileID: 5648154883366032299}
  m_Layer: 0
  m_Name: mixamorig:LeftHand
  m_TagString: Untagged
  m_Icon: {fileID: 0}
  m_NavMeshLayer: 0
  m_StaticEditorFlags: 0
  m_IsActive: 1
--- !u!4 &5648154883366032299
Transform:
  m_ObjectHideFlags: 0
  m_CorrespondingSourceObject: {fileID: 0}
  m_PrefabInstance: {fileID: 0}
  m_PrefabAsset: {fileID: 0}
  m_GameObject: {fileID: 3044260804723707812}
  m_LocalRotation: {x: -0.049278326, y: -0.013533445, z: -0.08858077, w: 0.99475724}
  m_LocalPosition: {x: -2.104016e-11, y: 0.17329438, z: -0.000000002005956}
  m_LocalScale: {x: 1, y: 1, z: 1}
  m_Children:
  - {fileID: 444142346290154884}
  m_Father: {fileID: 8253235879131953297}
  m_RootOrder: 0
  m_LocalEulerAnglesHint: {x: 0, y: 0, z: 0}
--- !u!1 &3134385497891854773
GameObject:
  m_ObjectHideFlags: 0
  m_CorrespondingSourceObject: {fileID: 0}
  m_PrefabInstance: {fileID: 0}
  m_PrefabAsset: {fileID: 0}
  serializedVersion: 6
  m_Component:
  - component: {fileID: 444142346290154884}
  m_Layer: 0
  m_Name: mixamorig:LeftHandIndex1
  m_TagString: Untagged
  m_Icon: {fileID: 0}
  m_NavMeshLayer: 0
  m_StaticEditorFlags: 0
  m_IsActive: 1
--- !u!4 &444142346290154884
Transform:
  m_ObjectHideFlags: 0
  m_CorrespondingSourceObject: {fileID: 0}
  m_PrefabInstance: {fileID: 0}
  m_PrefabAsset: {fileID: 0}
  m_GameObject: {fileID: 3134385497891854773}
  m_LocalRotation: {x: 0.2760471, y: -0.6373744, z: -0.19076972, w: 0.6936561}
  m_LocalPosition: {x: -9.460286e-10, y: 0.08818403, z: -2.6210293e-11}
  m_LocalScale: {x: 1, y: 1, z: 1}
  m_Children:
  - {fileID: 9096047275324303904}
  m_Father: {fileID: 5648154883366032299}
  m_RootOrder: 0
  m_LocalEulerAnglesHint: {x: 0, y: 0, z: 0}
--- !u!1 &3598802053691812713
GameObject:
  m_ObjectHideFlags: 0
  m_CorrespondingSourceObject: {fileID: 0}
  m_PrefabInstance: {fileID: 0}
  m_PrefabAsset: {fileID: 0}
  serializedVersion: 6
  m_Component:
  - component: {fileID: 1003052490815633824}
  m_Layer: 0
  m_Name: mixamorig:RightHand
  m_TagString: Untagged
  m_Icon: {fileID: 0}
  m_NavMeshLayer: 0
  m_StaticEditorFlags: 0
  m_IsActive: 1
--- !u!4 &1003052490815633824
Transform:
  m_ObjectHideFlags: 0
  m_CorrespondingSourceObject: {fileID: 0}
  m_PrefabInstance: {fileID: 0}
  m_PrefabAsset: {fileID: 0}
  m_GameObject: {fileID: 3598802053691812713}
  m_LocalRotation: {x: -0.027693067, y: 0.03888689, z: 0.029460492, w: 0.99842525}
  m_LocalPosition: {x: -1.1358392e-11, y: 0.17319176, z: -0.000000003392982}
  m_LocalScale: {x: 1, y: 1, z: 1}
  m_Children:
  - {fileID: 7312574248916664526}
  m_Father: {fileID: 4021007267429708736}
  m_RootOrder: 0
  m_LocalEulerAnglesHint: {x: 0, y: 0, z: 0}
--- !u!1 &3730893064074626149
GameObject:
  m_ObjectHideFlags: 0
  m_CorrespondingSourceObject: {fileID: 0}
  m_PrefabInstance: {fileID: 0}
  m_PrefabAsset: {fileID: 0}
  serializedVersion: 6
  m_Component:
  - component: {fileID: 3875465611306895004}
  m_Layer: 0
  m_Name: mixamorig:LeftShoulder
  m_TagString: Untagged
  m_Icon: {fileID: 0}
  m_NavMeshLayer: 0
  m_StaticEditorFlags: 0
  m_IsActive: 1
--- !u!4 &3875465611306895004
Transform:
  m_ObjectHideFlags: 0
  m_CorrespondingSourceObject: {fileID: 0}
  m_PrefabInstance: {fileID: 0}
  m_PrefabAsset: {fileID: 0}
  m_GameObject: {fileID: 3730893064074626149}
  m_LocalRotation: {x: 0.6723504, y: -0.2972663, z: 0.5918973, w: 0.33050758}
  m_LocalPosition: {x: -0.05005283, y: 0.09830956, z: 0.000057426296}
  m_LocalScale: {x: 1, y: 1, z: 1}
  m_Children:
  - {fileID: 4900913507973485904}
  m_Father: {fileID: 1246028455441946119}
  m_RootOrder: 0
  m_LocalEulerAnglesHint: {x: 0, y: 0, z: 0}
--- !u!114 &1461549634
MonoBehaviour:
  m_ObjectHideFlags: 0
  m_CorrespondingSourceObject: {fileID: 0}
  m_PrefabInstance: {fileID: 0}
  m_PrefabAsset: {fileID: 0}
  m_GameObject: {fileID: 4222007223546319934}
  m_Enabled: 1
  m_EditorHideFlags: 0
  m_Script: {fileID: 11500000, guid: 4f9f08796a6509643a7f8bddf55c26d0, type: 3}
  m_Name: 
  m_EditorClassIdentifier: 
  _playercontols: {fileID: -944628639613478452, guid: fbc0e804f80e3b24e96e027a08e28a98, type: 3}
  _weaponselect: {fileID: 0}
  _move: {fileID: 6738213139557275070}
  _map:
    m_Name: Map
    m_Id: d6219480-b7b2-4d5d-a463-fae7acb25caa
    m_Asset: {fileID: 0}
    m_Actions: []
    m_Bindings: []
  patato_Weapon: {fileID: 0}
--- !u!114 &1461549638
MonoBehaviour:
  m_ObjectHideFlags: 0
  m_CorrespondingSourceObject: {fileID: 0}
  m_PrefabInstance: {fileID: 0}
  m_PrefabAsset: {fileID: 0}
  m_GameObject: {fileID: 4222007223546319934}
  m_Enabled: 0
  m_EditorHideFlags: 0
  m_Script: {fileID: 11500000, guid: 62899f850307741f2a39c98a8b639597, type: 3}
  m_Name: 
  m_EditorClassIdentifier: 
  m_Actions: {fileID: -944628639613478452, guid: fbc0e804f80e3b24e96e027a08e28a98, type: 3}
  m_NotificationBehavior: 2
  m_UIInputModule: {fileID: 0}
  m_DeviceLostEvent:
    m_PersistentCalls:
      m_Calls: []
  m_DeviceRegainedEvent:
    m_PersistentCalls:
      m_Calls: []
  m_ControlsChangedEvent:
    m_PersistentCalls:
      m_Calls: []
  m_ActionEvents:
  - m_PersistentCalls:
      m_Calls: []
    m_ActionId: ad0f8a6e-8c15-40e4-ae41-98aaed14e400
    m_ActionName: Player/Move[/Keyboard/w,/Keyboard/a,/Keyboard/s,/Keyboard/d,/XInputControllerWindows/leftStick/up,/XInputControllerWindows/leftStick/down,/XInputControllerWindows/leftStick/left,/XInputControllerWindows/leftStick/right,/Keyboard/upArrow,/Keyboard/downArrow,/Keyboard/leftArrow,/Keyboard/rightArrow]
  - m_PersistentCalls:
      m_Calls: []
    m_ActionId: 1b7b2d34-8be8-408e-9fdd-c851e3e02998
    m_ActionName: Player/Teleport[/Mouse/rightButton,/XInputControllerWindows/buttonEast]
  - m_PersistentCalls:
      m_Calls: []
    m_ActionId: f25070e5-6798-43af-8f3a-5eff39fce850
    m_ActionName: Player/Control
  - m_PersistentCalls:
      m_Calls:
      - m_Target: {fileID: 1467648079565266656}
        m_TargetAssemblyTypeName: Patato_weapon, Assembly-CSharp
        m_MethodName: OnAttack
        m_Mode: 0
        m_Arguments:
          m_ObjectArgument: {fileID: 0}
          m_ObjectArgumentAssemblyTypeName: UnityEngine.Object, UnityEngine
          m_IntArgument: 0
          m_FloatArgument: 0
          m_StringArgument: 
          m_BoolArgument: 0
        m_CallState: 2
    m_ActionId: f9026844-9e37-4aec-972d-5e48f26df741
    m_ActionName: Player/Fire[/Mouse/leftButton,/XInputControllerWindows/rightTrigger]
  m_NeverAutoSwitchControlSchemes: 0
  m_DefaultControlScheme: 
  m_DefaultActionMap: Player
  m_SplitScreenIndex: -1
  m_Camera: {fileID: 0}
--- !u!114 &1467648079565266656
MonoBehaviour:
  m_ObjectHideFlags: 0
  m_CorrespondingSourceObject: {fileID: 0}
  m_PrefabInstance: {fileID: 0}
  m_PrefabAsset: {fileID: 0}
  m_GameObject: {fileID: 4222007223546319934}
  m_Enabled: 1
  m_EditorHideFlags: 0
  m_Script: {fileID: 11500000, guid: 84d2d8167fcd52f4598dd3cb0a534c0b, type: 3}
  m_Name: 
  m_EditorClassIdentifier: 
  _playercontols: {fileID: -944628639613478452, guid: fbc0e804f80e3b24e96e027a08e28a98, type: 3}
  _firePoint: {fileID: 4883658920773859412}
  _patato: {fileID: 2823727205977762525, guid: b4461b79644df0b4c875ff4cc50099aa, type: 3}
  _shootForce: 30
  _upwardForce: 0
  _timebetweenshooting: 0.1
  _spread: 3
  _reloadTime: 1.5
  _timebetweenshots: 0
  _bulletsLeft: 0
  _bulletsShot: 0
  _magazineSize: 100
  _bulletsPerTap: 1
  _shooting: 0
  _readyToShoot: 0
  reloading: 0
  _allowButtonHold: 0
  _reloading: 0
  _fpsCamera: {fileID: 0}
  _attackPoint: {fileID: 4883658920773859412}
  _allowInvoke: 1
  _mouselook: {fileID: 6738213139557275056}
  _ammunitionDisplay: {fileID: 0}
--- !u!1 &4352487758594831276
GameObject:
  m_ObjectHideFlags: 0
  m_CorrespondingSourceObject: {fileID: 0}
  m_PrefabInstance: {fileID: 0}
  m_PrefabAsset: {fileID: 0}
  serializedVersion: 6
  m_Component:
  - component: {fileID: 7845629591290542062}
  m_Layer: 0
  m_Name: mixamorig:HeadTop_End
  m_TagString: Untagged
  m_Icon: {fileID: 0}
  m_NavMeshLayer: 0
  m_StaticEditorFlags: 0
  m_IsActive: 1
--- !u!4 &7845629591290542062
Transform:
  m_ObjectHideFlags: 0
  m_CorrespondingSourceObject: {fileID: 0}
  m_PrefabInstance: {fileID: 0}
  m_PrefabAsset: {fileID: 0}
  m_GameObject: {fileID: 4352487758594831276}
  m_LocalRotation: {x: 0, y: -0, z: -0, w: 1}
  m_LocalPosition: {x: -0, y: 0.81188023, z: 0.053414073}
  m_LocalScale: {x: 1, y: 1, z: 1}
  m_Children: []
  m_Father: {fileID: 5023776023686247168}
  m_RootOrder: 0
  m_LocalEulerAnglesHint: {x: 0, y: 0, z: 0}
--- !u!1 &4468603408743498856
GameObject:
  m_ObjectHideFlags: 0
  m_CorrespondingSourceObject: {fileID: 0}
  m_PrefabInstance: {fileID: 0}
  m_PrefabAsset: {fileID: 0}
  serializedVersion: 6
  m_Component:
  - component: {fileID: 8602016722876735669}
  m_Layer: 0
  m_Name: mixamorig:LeftLeg
  m_TagString: Untagged
  m_Icon: {fileID: 0}
  m_NavMeshLayer: 0
  m_StaticEditorFlags: 0
  m_IsActive: 1
--- !u!4 &8602016722876735669
Transform:
  m_ObjectHideFlags: 0
  m_CorrespondingSourceObject: {fileID: 0}
  m_PrefabInstance: {fileID: 0}
  m_PrefabAsset: {fileID: 0}
  m_GameObject: {fileID: 4468603408743498856}
  m_LocalRotation: {x: -0.47455877, y: 0.007070017, z: -0.009273968, w: 0.8801466}
  m_LocalPosition: {x: 8.404989e-10, y: 0.23675753, z: -1.7375786e-12}
  m_LocalScale: {x: 1, y: 1, z: 1}
  m_Children:
  - {fileID: 3802924410530650201}
  m_Father: {fileID: 4024611469223868523}
  m_RootOrder: 0
  m_LocalEulerAnglesHint: {x: 0, y: 0, z: 0}
--- !u!1 &4588312157412534572
GameObject:
  m_ObjectHideFlags: 0
  m_CorrespondingSourceObject: {fileID: 0}
  m_PrefabInstance: {fileID: 0}
  m_PrefabAsset: {fileID: 0}
  serializedVersion: 6
  m_Component:
  - component: {fileID: 2860214040805883491}
  m_Layer: 0
  m_Name: mixamorig:RightHandIndex2
  m_TagString: Untagged
  m_Icon: {fileID: 0}
  m_NavMeshLayer: 0
  m_StaticEditorFlags: 0
  m_IsActive: 1
--- !u!4 &2860214040805883491
Transform:
  m_ObjectHideFlags: 0
  m_CorrespondingSourceObject: {fileID: 0}
  m_PrefabInstance: {fileID: 0}
  m_PrefabAsset: {fileID: 0}
  m_GameObject: {fileID: 4588312157412534572}
  m_LocalRotation: {x: 0.17935373, y: 0.05766324, z: 0.30356246, w: 0.9340006}
  m_LocalPosition: {x: -2.692125e-11, y: 0.038154416, z: -8.5716545e-10}
  m_LocalScale: {x: 1, y: 1, z: 1}
  m_Children:
  - {fileID: 5972719824820964650}
  m_Father: {fileID: 7312574248916664526}
  m_RootOrder: 0
  m_LocalEulerAnglesHint: {x: 0, y: 0, z: 0}
--- !u!1 &4601313054474964037
GameObject:
  m_ObjectHideFlags: 0
  m_CorrespondingSourceObject: {fileID: 0}
  m_PrefabInstance: {fileID: 0}
  m_PrefabAsset: {fileID: 0}
  serializedVersion: 6
  m_Component:
  - component: {fileID: 4024611469223868523}
  m_Layer: 0
  m_Name: mixamorig:LeftUpLeg
  m_TagString: Untagged
  m_Icon: {fileID: 0}
  m_NavMeshLayer: 0
  m_StaticEditorFlags: 0
  m_IsActive: 1
--- !u!4 &4024611469223868523
Transform:
  m_ObjectHideFlags: 0
  m_CorrespondingSourceObject: {fileID: 0}
  m_PrefabInstance: {fileID: 0}
  m_PrefabAsset: {fileID: 0}
  m_GameObject: {fileID: 4601313054474964037}
  m_LocalRotation: {x: -0.019863427, y: 0.031189257, z: 0.99806464, w: 0.049996603}
  m_LocalPosition: {x: -0.05209946, y: -0.045728754, z: -0.0011908421}
  m_LocalScale: {x: 1, y: 1, z: 1}
  m_Children:
  - {fileID: 8602016722876735669}
  m_Father: {fileID: 6882847778796077335}
  m_RootOrder: 0
  m_LocalEulerAnglesHint: {x: 0, y: 0, z: 0}
--- !u!1 &4716646392347898595
GameObject:
  m_ObjectHideFlags: 0
  m_CorrespondingSourceObject: {fileID: 0}
  m_PrefabInstance: {fileID: 0}
  m_PrefabAsset: {fileID: 0}
  serializedVersion: 6
  m_Component:
  - component: {fileID: 7278195542664525352}
  m_Layer: 0
  m_Name: mixamorig:RightUpLeg
  m_TagString: Untagged
  m_Icon: {fileID: 0}
  m_NavMeshLayer: 0
  m_StaticEditorFlags: 0
  m_IsActive: 1
--- !u!4 &7278195542664525352
Transform:
  m_ObjectHideFlags: 0
  m_CorrespondingSourceObject: {fileID: 0}
  m_PrefabInstance: {fileID: 0}
  m_PrefabAsset: {fileID: 0}
  m_GameObject: {fileID: 4716646392347898595}
  m_LocalRotation: {x: 0.042289652, y: 0.08357246, z: 0.9953532, w: -0.02234231}
  m_LocalPosition: {x: 0.05209946, y: -0.045728754, z: -0.00018692791}
  m_LocalScale: {x: 1, y: 1, z: 1}
  m_Children:
  - {fileID: 6367238768544385202}
  m_Father: {fileID: 6882847778796077335}
  m_RootOrder: 1
  m_LocalEulerAnglesHint: {x: 0, y: 0, z: 0}
--- !u!1 &5002421900529769525
GameObject:
  m_ObjectHideFlags: 0
  m_CorrespondingSourceObject: {fileID: 0}
  m_PrefabInstance: {fileID: 0}
  m_PrefabAsset: {fileID: 0}
  serializedVersion: 6
  m_Component:
  - component: {fileID: 1348767605642034372}
  - component: {fileID: 3452467906611183398}
  m_Layer: 0
  m_Name: Animator1 Cannon
  m_TagString: Untagged
  m_Icon: {fileID: 0}
  m_NavMeshLayer: 0
  m_StaticEditorFlags: 0
  m_IsActive: 1
--- !u!4 &1348767605642034372
Transform:
  m_ObjectHideFlags: 0
  m_CorrespondingSourceObject: {fileID: 0}
  m_PrefabInstance: {fileID: 0}
  m_PrefabAsset: {fileID: 0}
  m_GameObject: {fileID: 5002421900529769525}
  m_LocalRotation: {x: 0, y: 0, z: 0, w: 1}
  m_LocalPosition: {x: 0, y: 0, z: 0}
  m_LocalScale: {x: 1, y: 1, z: 1}
  m_Children: []
  m_Father: {fileID: 1428937793604968835}
  m_RootOrder: 2
  m_LocalEulerAnglesHint: {x: 0, y: 0, z: 0}
--- !u!95 &3452467906611183398
Animator:
  serializedVersion: 3
  m_ObjectHideFlags: 0
  m_CorrespondingSourceObject: {fileID: 0}
  m_PrefabInstance: {fileID: 0}
  m_PrefabAsset: {fileID: 0}
  m_GameObject: {fileID: 5002421900529769525}
  m_Enabled: 1
  m_Avatar: {fileID: 0}
  m_Controller: {fileID: 9100000, guid: 130413ab077fc1b41889b83120ff5e31, type: 2}
  m_CullingMode: 0
  m_UpdateMode: 0
  m_ApplyRootMotion: 0
  m_LinearVelocityBlending: 0
  m_WarningMessage: 
  m_HasTransformHierarchy: 1
  m_AllowConstantClipSamplingOptimization: 1
  m_KeepAnimatorControllerStateOnDisable: 0
--- !u!1 &6305321118894484256
GameObject:
  m_ObjectHideFlags: 0
  m_CorrespondingSourceObject: {fileID: 0}
  m_PrefabInstance: {fileID: 0}
  m_PrefabAsset: {fileID: 0}
  serializedVersion: 6
  m_Component:
  - component: {fileID: 6367238768544385202}
  m_Layer: 0
  m_Name: mixamorig:RightLeg
  m_TagString: Untagged
  m_Icon: {fileID: 0}
  m_NavMeshLayer: 0
  m_StaticEditorFlags: 0
  m_IsActive: 1
--- !u!4 &6367238768544385202
Transform:
  m_ObjectHideFlags: 0
  m_CorrespondingSourceObject: {fileID: 0}
  m_PrefabInstance: {fileID: 0}
  m_PrefabAsset: {fileID: 0}
  m_GameObject: {fileID: 6305321118894484256}
  m_LocalRotation: {x: -0.34022453, y: -0.020232351, z: 0.008160896, w: 0.94009113}
  m_LocalPosition: {x: 4.0860765e-10, y: 0.23677403, z: 8.464624e-11}
  m_LocalScale: {x: 1, y: 1, z: 1}
  m_Children:
  - {fileID: 2030863174150627348}
  m_Father: {fileID: 7278195542664525352}
  m_RootOrder: 0
  m_LocalEulerAnglesHint: {x: 0, y: 0, z: 0}
--- !u!1 &6524315815493236917
GameObject:
  m_ObjectHideFlags: 0
  m_CorrespondingSourceObject: {fileID: 0}
  m_PrefabInstance: {fileID: 0}
  m_PrefabAsset: {fileID: 0}
  serializedVersion: 6
  m_Component:
  - component: {fileID: 1246028455441946119}
  m_Layer: 0
  m_Name: mixamorig:Spine2
  m_TagString: Untagged
  m_Icon: {fileID: 0}
  m_NavMeshLayer: 0
  m_StaticEditorFlags: 0
  m_IsActive: 1
--- !u!4 &1246028455441946119
Transform:
  m_ObjectHideFlags: 0
  m_CorrespondingSourceObject: {fileID: 0}
  m_PrefabInstance: {fileID: 0}
  m_PrefabAsset: {fileID: 0}
  m_GameObject: {fileID: 6524315815493236917}
  m_LocalRotation: {x: 0.067010134, y: -0.011938373, z: 0.0018481391, w: 0.9976792}
  m_LocalPosition: {x: -0, y: 0.10944889, z: 6.832176e-12}
  m_LocalScale: {x: 1, y: 1, z: 1}
  m_Children:
  - {fileID: 3875465611306895004}
  - {fileID: 5634662362511432314}
  - {fileID: 8530537846968827893}
  m_Father: {fileID: 356219992606107244}
  m_RootOrder: 0
  m_LocalEulerAnglesHint: {x: 0, y: 0, z: 0}
--- !u!1 &7047036641672761083
GameObject:
  m_ObjectHideFlags: 0
  m_CorrespondingSourceObject: {fileID: 0}
  m_PrefabInstance: {fileID: 0}
  m_PrefabAsset: {fileID: 0}
  serializedVersion: 6
  m_Component:
  - component: {fileID: 2030863174150627348}
  m_Layer: 0
  m_Name: mixamorig:RightFoot
  m_TagString: Untagged
  m_Icon: {fileID: 0}
  m_NavMeshLayer: 0
  m_StaticEditorFlags: 0
  m_IsActive: 1
--- !u!4 &2030863174150627348
Transform:
  m_ObjectHideFlags: 0
  m_CorrespondingSourceObject: {fileID: 0}
  m_PrefabInstance: {fileID: 0}
  m_PrefabAsset: {fileID: 0}
  m_GameObject: {fileID: 7047036641672761083}
  m_LocalRotation: {x: 0.6782273, y: -0.03015951, z: 0.0119713135, w: 0.7341355}
  m_LocalPosition: {x: -3.616499e-10, y: 0.19871281, z: 1.7183853e-10}
  m_LocalScale: {x: 1, y: 1, z: 1}
  m_Children:
  - {fileID: 4334608642217742528}
  m_Father: {fileID: 6367238768544385202}
  m_RootOrder: 0
  m_LocalEulerAnglesHint: {x: 0, y: 0, z: 0}
--- !u!1 &7599229868710029935
GameObject:
  m_ObjectHideFlags: 0
  m_CorrespondingSourceObject: {fileID: 0}
  m_PrefabInstance: {fileID: 0}
  m_PrefabAsset: {fileID: 0}
  serializedVersion: 6
  m_Component:
  - component: {fileID: 356219992606107244}
  m_Layer: 0
  m_Name: mixamorig:Spine1
  m_TagString: Untagged
  m_Icon: {fileID: 0}
  m_NavMeshLayer: 0
  m_StaticEditorFlags: 0
  m_IsActive: 1
--- !u!4 &356219992606107244
Transform:
  m_ObjectHideFlags: 0
  m_CorrespondingSourceObject: {fileID: 0}
  m_PrefabInstance: {fileID: 0}
  m_PrefabAsset: {fileID: 0}
  m_GameObject: {fileID: 7599229868710029935}
  m_LocalRotation: {x: 0.06846137, y: -0.010496254, z: 0.0031607558, w: 0.9975936}
  m_LocalPosition: {x: -0, y: 0.09576774, z: 1.9017565e-11}
  m_LocalScale: {x: 1, y: 1, z: 1}
  m_Children:
  - {fileID: 1246028455441946119}
  m_Father: {fileID: 6623722210298196612}
  m_RootOrder: 0
  m_LocalEulerAnglesHint: {x: 0, y: 0, z: 0}
--- !u!1 &7786108385863330631
GameObject:
  m_ObjectHideFlags: 0
  m_CorrespondingSourceObject: {fileID: 0}
  m_PrefabInstance: {fileID: 0}
  m_PrefabAsset: {fileID: 0}
  serializedVersion: 6
  m_Component:
  - component: {fileID: 9096047275324303904}
  m_Layer: 0
  m_Name: mixamorig:LeftHandIndex2
  m_TagString: Untagged
  m_Icon: {fileID: 0}
  m_NavMeshLayer: 0
  m_StaticEditorFlags: 0
  m_IsActive: 1
--- !u!4 &9096047275324303904
Transform:
  m_ObjectHideFlags: 0
  m_CorrespondingSourceObject: {fileID: 0}
  m_PrefabInstance: {fileID: 0}
  m_PrefabAsset: {fileID: 0}
  m_GameObject: {fileID: 7786108385863330631}
  m_LocalRotation: {x: 0.22247182, y: -0.05153739, z: -0.33321905, w: 0.9147761}
  m_LocalPosition: {x: -1.6345786e-10, y: 0.03861431, z: -5.2016425e-10}
  m_LocalScale: {x: 1, y: 1, z: 1}
  m_Children:
  - {fileID: 8232930177817466963}
  m_Father: {fileID: 444142346290154884}
  m_RootOrder: 0
  m_LocalEulerAnglesHint: {x: 0, y: 0, z: 0}
--- !u!1 &7926716284496114667
GameObject:
  m_ObjectHideFlags: 0
  m_CorrespondingSourceObject: {fileID: 0}
  m_PrefabInstance: {fileID: 0}
  m_PrefabAsset: {fileID: 0}
  serializedVersion: 6
  m_Component:
  - component: {fileID: 4900913507973485904}
  m_Layer: 0
  m_Name: mixamorig:LeftArm
  m_TagString: Untagged
  m_Icon: {fileID: 0}
  m_NavMeshLayer: 0
  m_StaticEditorFlags: 0
  m_IsActive: 1
--- !u!4 &4900913507973485904
Transform:
  m_ObjectHideFlags: 0
  m_CorrespondingSourceObject: {fileID: 0}
  m_PrefabInstance: {fileID: 0}
  m_PrefabAsset: {fileID: 0}
  m_GameObject: {fileID: 7926716284496114667}
  m_LocalRotation: {x: 0.29134667, y: -0.14798073, z: -0.009399281, w: 0.94505584}
  m_LocalPosition: {x: 1.2136883e-11, y: 0.10750181, z: 0.000000002101513}
  m_LocalScale: {x: 1, y: 1, z: 1}
  m_Children:
  - {fileID: 8253235879131953297}
  m_Father: {fileID: 3875465611306895004}
  m_RootOrder: 0
  m_LocalEulerAnglesHint: {x: 0, y: 0, z: 0}
--- !u!1 &8046012949575989655
GameObject:
  m_ObjectHideFlags: 0
  m_CorrespondingSourceObject: {fileID: 0}
  m_PrefabInstance: {fileID: 0}
  m_PrefabAsset: {fileID: 0}
  serializedVersion: 6
  m_Component:
  - component: {fileID: 4021007267429708736}
  m_Layer: 0
  m_Name: mixamorig:RightForeArm
  m_TagString: Untagged
  m_Icon: {fileID: 0}
  m_NavMeshLayer: 0
  m_StaticEditorFlags: 0
  m_IsActive: 1
--- !u!4 &4021007267429708736
Transform:
  m_ObjectHideFlags: 0
  m_CorrespondingSourceObject: {fileID: 0}
  m_PrefabInstance: {fileID: 0}
  m_PrefabAsset: {fileID: 0}
  m_GameObject: {fileID: 8046012949575989655}
  m_LocalRotation: {x: -0.000050763003, y: 0.0000138795285, z: 0.38589776, w: 0.92254156}
  m_LocalPosition: {x: -1.400183e-10, y: 0.22209427, z: -2.0004676e-10}
  m_LocalScale: {x: 1, y: 1, z: 1}
  m_Children:
  - {fileID: 1003052490815633824}
  m_Father: {fileID: 5123857127109613933}
  m_RootOrder: 0
  m_LocalEulerAnglesHint: {x: 0, y: 0, z: 0}
--- !u!1 &8293796233496380684
GameObject:
  m_ObjectHideFlags: 0
  m_CorrespondingSourceObject: {fileID: 0}
  m_PrefabInstance: {fileID: 0}
  m_PrefabAsset: {fileID: 0}
  serializedVersion: 6
  m_Component:
  - component: {fileID: 5023776023686247168}
  m_Layer: 0
  m_Name: mixamorig:Head
  m_TagString: Untagged
  m_Icon: {fileID: 0}
  m_NavMeshLayer: 0
  m_StaticEditorFlags: 0
  m_IsActive: 1
--- !u!4 &5023776023686247168
Transform:
  m_ObjectHideFlags: 0
  m_CorrespondingSourceObject: {fileID: 0}
  m_PrefabInstance: {fileID: 0}
  m_PrefabAsset: {fileID: 0}
  m_GameObject: {fileID: 8293796233496380684}
  m_LocalRotation: {x: -0.11084946, y: 0.069841966, z: 0.0015821352, w: 0.99137884}
  m_LocalPosition: {x: -0, y: 0.16746654, z: 0.011017725}
  m_LocalScale: {x: 1, y: 1, z: 1}
  m_Children:
  - {fileID: 7845629591290542062}
  m_Father: {fileID: 5634662362511432314}
  m_RootOrder: 0
  m_LocalEulerAnglesHint: {x: 0, y: 0, z: 0}
--- !u!1 &8597196822665298652
GameObject:
  m_ObjectHideFlags: 0
  m_CorrespondingSourceObject: {fileID: 0}
  m_PrefabInstance: {fileID: 0}
  m_PrefabAsset: {fileID: 0}
  serializedVersion: 6
  m_Component:
  - component: {fileID: 3802924410530650201}
  m_Layer: 0
  m_Name: mixamorig:LeftFoot
  m_TagString: Untagged
  m_Icon: {fileID: 0}
  m_NavMeshLayer: 0
  m_StaticEditorFlags: 0
  m_IsActive: 1
--- !u!4 &3802924410530650201
Transform:
  m_ObjectHideFlags: 0
  m_CorrespondingSourceObject: {fileID: 0}
  m_PrefabInstance: {fileID: 0}
  m_PrefabAsset: {fileID: 0}
  m_GameObject: {fileID: 8597196822665298652}
  m_LocalRotation: {x: 0.66100574, y: 0.041667704, z: 0.045214284, w: 0.7478576}
  m_LocalPosition: {x: 2.9623146e-10, y: 0.19868936, z: -4.584864e-10}
  m_LocalScale: {x: 1, y: 1, z: 1}
  m_Children:
  - {fileID: 5607754630006322886}
  m_Father: {fileID: 8602016722876735669}
  m_RootOrder: 0
  m_LocalEulerAnglesHint: {x: 0, y: 0, z: 0}
--- !u!1 &8866340705820109643
GameObject:
  m_ObjectHideFlags: 0
  m_CorrespondingSourceObject: {fileID: 0}
  m_PrefabInstance: {fileID: 0}
  m_PrefabAsset: {fileID: 0}
  serializedVersion: 6
  m_Component:
  - component: {fileID: 8933534387863711842}
  m_Layer: 0
  m_Name: mixamorig:RightToe_End
  m_TagString: Untagged
  m_Icon: {fileID: 0}
  m_NavMeshLayer: 0
  m_StaticEditorFlags: 0
  m_IsActive: 1
--- !u!4 &8933534387863711842
Transform:
  m_ObjectHideFlags: 0
  m_CorrespondingSourceObject: {fileID: 0}
  m_PrefabInstance: {fileID: 0}
  m_PrefabAsset: {fileID: 0}
  m_GameObject: {fileID: 8866340705820109643}
  m_LocalRotation: {x: 0, y: -0, z: -0, w: 1}
  m_LocalPosition: {x: -1.7942518e-10, y: 0.042939994, z: 2.695273e-11}
  m_LocalScale: {x: 1, y: 1, z: 1}
  m_Children: []
  m_Father: {fileID: 4334608642217742528}
  m_RootOrder: 0
  m_LocalEulerAnglesHint: {x: 0, y: 0, z: 0}
--- !u!1 &8935750540316380713
GameObject:
  m_ObjectHideFlags: 0
  m_CorrespondingSourceObject: {fileID: 0}
  m_PrefabInstance: {fileID: 0}
  m_PrefabAsset: {fileID: 0}
  serializedVersion: 6
  m_Component:
  - component: {fileID: 3190717456953307920}
  m_Layer: 0
  m_Name: mixamorig:LeftToe_End
  m_TagString: Untagged
  m_Icon: {fileID: 0}
  m_NavMeshLayer: 0
  m_StaticEditorFlags: 0
  m_IsActive: 1
--- !u!4 &3190717456953307920
Transform:
  m_ObjectHideFlags: 0
  m_CorrespondingSourceObject: {fileID: 0}
  m_PrefabInstance: {fileID: 0}
  m_PrefabAsset: {fileID: 0}
  m_GameObject: {fileID: 8935750540316380713}
  m_LocalRotation: {x: 0, y: -0, z: -0, w: 1}
  m_LocalPosition: {x: 5.3799118e-11, y: 0.043363456, z: -6.5681e-11}
  m_LocalScale: {x: 1, y: 1, z: 1}
  m_Children: []
  m_Father: {fileID: 5607754630006322886}
  m_RootOrder: 0
  m_LocalEulerAnglesHint: {x: 0, y: 0, z: 0}
--- !u!1 &9210093363382489180
GameObject:
  m_ObjectHideFlags: 0
  m_CorrespondingSourceObject: {fileID: 0}
  m_PrefabInstance: {fileID: 0}
  m_PrefabAsset: {fileID: 0}
  serializedVersion: 6
  m_Component:
  - component: {fileID: 6493367793339337604}
  - component: {fileID: 8329448245334629271}
  m_Layer: 0
  m_Name: polySurface1
  m_TagString: Untagged
  m_Icon: {fileID: 0}
  m_NavMeshLayer: 0
  m_StaticEditorFlags: 0
  m_IsActive: 1
--- !u!4 &6493367793339337604
Transform:
  m_ObjectHideFlags: 0
  m_CorrespondingSourceObject: {fileID: 0}
  m_PrefabInstance: {fileID: 0}
  m_PrefabAsset: {fileID: 0}
  m_GameObject: {fileID: 9210093363382489180}
  m_LocalRotation: {x: 0, y: -0, z: -0, w: 1}
  m_LocalPosition: {x: -0, y: 0, z: 0}
  m_LocalScale: {x: 1, y: 1, z: 1}
  m_Children: []
  m_Father: {fileID: 1428937793604968835}
  m_RootOrder: 1
  m_LocalEulerAnglesHint: {x: 0, y: 0, z: 0}
--- !u!137 &8329448245334629271
SkinnedMeshRenderer:
  m_ObjectHideFlags: 0
  m_CorrespondingSourceObject: {fileID: 0}
  m_PrefabInstance: {fileID: 0}
  m_PrefabAsset: {fileID: 0}
  m_GameObject: {fileID: 9210093363382489180}
  m_Enabled: 1
  m_CastShadows: 1
  m_ReceiveShadows: 1
  m_DynamicOccludee: 1
  m_MotionVectors: 1
  m_LightProbeUsage: 1
  m_ReflectionProbeUsage: 1
  m_RayTracingMode: 3
  m_RayTraceProcedural: 0
  m_RenderingLayerMask: 1
  m_RendererPriority: 0
  m_Materials:
  - {fileID: 2100000, guid: c5e0e361f68fa8b40ad23c1a15b8ca5d, type: 2}
  - {fileID: 2100000, guid: 4c771d197ec491140b1a880c23b1ff6f, type: 2}
  m_StaticBatchInfo:
    firstSubMesh: 0
    subMeshCount: 0
  m_StaticBatchRoot: {fileID: 0}
  m_ProbeAnchor: {fileID: 0}
  m_LightProbeVolumeOverride: {fileID: 0}
  m_ScaleInLightmap: 1
  m_ReceiveGI: 1
  m_PreserveUVs: 0
  m_IgnoreNormalsForChartDetection: 0
  m_ImportantGI: 0
  m_StitchLightmapSeams: 1
  m_SelectedEditorRenderState: 3
  m_MinimumChartSize: 4
  m_AutoUVMaxDistance: 0.5
  m_AutoUVMaxAngle: 89
  m_LightmapParameters: {fileID: 0}
  m_SortingLayerID: 0
  m_SortingLayer: 0
  m_SortingOrder: 0
  serializedVersion: 2
  m_Quality: 0
  m_UpdateWhenOffscreen: 0
  m_SkinnedMotionVectors: 1
  m_Mesh: {fileID: 6329158148709259305, guid: 8260bcb6344b75640a36a6094f8763c5, type: 3}
  m_Bones:
  - {fileID: 5634662362511432314}
  - {fileID: 5023776023686247168}
  - {fileID: 1246028455441946119}
  - {fileID: 7278195542664525352}
  - {fileID: 6882847778796077335}
  - {fileID: 4024611469223868523}
  - {fileID: 8530537846968827893}
  - {fileID: 5123857127109613933}
  - {fileID: 4900913507973485904}
  - {fileID: 3875465611306895004}
  - {fileID: 6623722210298196612}
  - {fileID: 356219992606107244}
  - {fileID: 6367238768544385202}
  - {fileID: 2030863174150627348}
  - {fileID: 4334608642217742528}
  - {fileID: 8602016722876735669}
  - {fileID: 3802924410530650201}
  - {fileID: 5607754630006322886}
  - {fileID: 8253235879131953297}
  - {fileID: 5648154883366032299}
  - {fileID: 4021007267429708736}
  - {fileID: 1003052490815633824}
  - {fileID: 444142346290154884}
  - {fileID: 7312574248916664526}
  - {fileID: 2860214040805883491}
  - {fileID: 9096047275324303904}
  - {fileID: 8232930177817466963}
  - {fileID: 5972719824820964650}
  m_BlendShapeWeights: []
  m_RootBone: {fileID: 6882847778796077335}
  m_AABB:
    m_Center: {x: 0.00077164173, y: 0.3961631, z: 0.22818819}
    m_Extent: {x: 0.41667384, y: 0.99254537, z: 0.5225766}
  m_DirtyAABB: 0
--- !u!1001 &1467648079808445900
PrefabInstance:
  m_ObjectHideFlags: 0
  serializedVersion: 2
  m_Modification:
    m_TransformParent: {fileID: 1467648080978271099}
    m_Modifications:
    - target: {fileID: -8679921383154817045, guid: 0ff49fa71dcd15848a4c60afcc197ef1, type: 3}
      propertyPath: m_RootOrder
      value: 0
      objectReference: {fileID: 0}
    - target: {fileID: -8679921383154817045, guid: 0ff49fa71dcd15848a4c60afcc197ef1, type: 3}
      propertyPath: m_LocalScale.x
      value: 0.16675107
      objectReference: {fileID: 0}
    - target: {fileID: -8679921383154817045, guid: 0ff49fa71dcd15848a4c60afcc197ef1, type: 3}
      propertyPath: m_LocalScale.y
      value: 0.43047515
      objectReference: {fileID: 0}
    - target: {fileID: -8679921383154817045, guid: 0ff49fa71dcd15848a4c60afcc197ef1, type: 3}
      propertyPath: m_LocalScale.z
      value: 1.6706429
      objectReference: {fileID: 0}
    - target: {fileID: -8679921383154817045, guid: 0ff49fa71dcd15848a4c60afcc197ef1, type: 3}
      propertyPath: m_LocalPosition.x
      value: 0.26769853
      objectReference: {fileID: 0}
    - target: {fileID: -8679921383154817045, guid: 0ff49fa71dcd15848a4c60afcc197ef1, type: 3}
      propertyPath: m_LocalPosition.y
      value: -0.62837785
      objectReference: {fileID: 0}
    - target: {fileID: -8679921383154817045, guid: 0ff49fa71dcd15848a4c60afcc197ef1, type: 3}
      propertyPath: m_LocalPosition.z
      value: 0.085011065
      objectReference: {fileID: 0}
    - target: {fileID: -8679921383154817045, guid: 0ff49fa71dcd15848a4c60afcc197ef1, type: 3}
      propertyPath: m_LocalRotation.w
      value: 1
      objectReference: {fileID: 0}
    - target: {fileID: -8679921383154817045, guid: 0ff49fa71dcd15848a4c60afcc197ef1, type: 3}
      propertyPath: m_LocalRotation.x
      value: 0.000000007450577
      objectReference: {fileID: 0}
    - target: {fileID: -8679921383154817045, guid: 0ff49fa71dcd15848a4c60afcc197ef1, type: 3}
      propertyPath: m_LocalRotation.y
      value: 0.000000089406925
      objectReference: {fileID: 0}
    - target: {fileID: -8679921383154817045, guid: 0ff49fa71dcd15848a4c60afcc197ef1, type: 3}
      propertyPath: m_LocalRotation.z
      value: 0.000000059604616
      objectReference: {fileID: 0}
    - target: {fileID: -8679921383154817045, guid: 0ff49fa71dcd15848a4c60afcc197ef1, type: 3}
      propertyPath: m_LocalEulerAnglesHint.x
      value: 0
      objectReference: {fileID: 0}
    - target: {fileID: -8679921383154817045, guid: 0ff49fa71dcd15848a4c60afcc197ef1, type: 3}
      propertyPath: m_LocalEulerAnglesHint.y
      value: 0
      objectReference: {fileID: 0}
    - target: {fileID: -8679921383154817045, guid: 0ff49fa71dcd15848a4c60afcc197ef1, type: 3}
      propertyPath: m_LocalEulerAnglesHint.z
      value: 0
      objectReference: {fileID: 0}
    - target: {fileID: 919132149155446097, guid: 0ff49fa71dcd15848a4c60afcc197ef1, type: 3}
      propertyPath: m_Name
      value: Knife
      objectReference: {fileID: 0}
    m_RemovedComponents: []
  m_SourcePrefab: {fileID: 100100000, guid: 0ff49fa71dcd15848a4c60afcc197ef1, type: 3}
--- !u!4 &1428937794427378215 stripped
Transform:
  m_CorrespondingSourceObject: {fileID: -8679921383154817045, guid: 0ff49fa71dcd15848a4c60afcc197ef1, type: 3}
  m_PrefabInstance: {fileID: 1467648079808445900}
  m_PrefabAsset: {fileID: 0}
--- !u!1 &1774220302172618909 stripped
GameObject:
  m_CorrespondingSourceObject: {fileID: 919132149155446097, guid: 0ff49fa71dcd15848a4c60afcc197ef1, type: 3}
  m_PrefabInstance: {fileID: 1467648079808445900}
  m_PrefabAsset: {fileID: 0}
--- !u!1001 &3915594976768141679
PrefabInstance:
  m_ObjectHideFlags: 0
  serializedVersion: 2
  m_Modification:
    m_TransformParent: {fileID: 1467648081549634150}
    m_Modifications:
    - target: {fileID: -8679921383154817045, guid: 761306c16b20f4c4c9645bc73ae06fd8, type: 3}
      propertyPath: m_RootOrder
      value: 0
      objectReference: {fileID: 0}
    - target: {fileID: -8679921383154817045, guid: 761306c16b20f4c4c9645bc73ae06fd8, type: 3}
      propertyPath: m_LocalPosition.x
      value: 0
      objectReference: {fileID: 0}
    - target: {fileID: -8679921383154817045, guid: 761306c16b20f4c4c9645bc73ae06fd8, type: 3}
      propertyPath: m_LocalPosition.y
      value: 0
      objectReference: {fileID: 0}
    - target: {fileID: -8679921383154817045, guid: 761306c16b20f4c4c9645bc73ae06fd8, type: 3}
      propertyPath: m_LocalPosition.z
      value: 0
      objectReference: {fileID: 0}
    - target: {fileID: -8679921383154817045, guid: 761306c16b20f4c4c9645bc73ae06fd8, type: 3}
      propertyPath: m_LocalRotation.w
      value: 0.5
      objectReference: {fileID: 0}
    - target: {fileID: -8679921383154817045, guid: 761306c16b20f4c4c9645bc73ae06fd8, type: 3}
      propertyPath: m_LocalRotation.x
      value: -0.5
      objectReference: {fileID: 0}
    - target: {fileID: -8679921383154817045, guid: 761306c16b20f4c4c9645bc73ae06fd8, type: 3}
      propertyPath: m_LocalRotation.y
      value: 0.5
      objectReference: {fileID: 0}
    - target: {fileID: -8679921383154817045, guid: 761306c16b20f4c4c9645bc73ae06fd8, type: 3}
      propertyPath: m_LocalRotation.z
      value: -0.5
      objectReference: {fileID: 0}
    - target: {fileID: -8679921383154817045, guid: 761306c16b20f4c4c9645bc73ae06fd8, type: 3}
      propertyPath: m_LocalEulerAnglesHint.x
      value: 0
      objectReference: {fileID: 0}
    - target: {fileID: -8679921383154817045, guid: 761306c16b20f4c4c9645bc73ae06fd8, type: 3}
      propertyPath: m_LocalEulerAnglesHint.y
      value: 90
      objectReference: {fileID: 0}
    - target: {fileID: -8679921383154817045, guid: 761306c16b20f4c4c9645bc73ae06fd8, type: 3}
      propertyPath: m_LocalEulerAnglesHint.z
      value: -90
      objectReference: {fileID: 0}
    - target: {fileID: -7511558181221131132, guid: 761306c16b20f4c4c9645bc73ae06fd8, type: 3}
      propertyPath: m_Materials.Array.data[0]
      value: 
      objectReference: {fileID: 2100000, guid: 77570df058183304cae8187aed0188f8, type: 2}
    - target: {fileID: 919132149155446097, guid: 761306c16b20f4c4c9645bc73ae06fd8, type: 3}
      propertyPath: m_Name
      value: Patato_Cannan
      objectReference: {fileID: 0}
    m_RemovedComponents: []
  m_SourcePrefab: {fileID: 100100000, guid: 761306c16b20f4c4c9645bc73ae06fd8, type: 3}
--- !u!1 &4222007223546319934 stripped
GameObject:
  m_CorrespondingSourceObject: {fileID: 919132149155446097, guid: 761306c16b20f4c4c9645bc73ae06fd8, type: 3}
  m_PrefabInstance: {fileID: 3915594976768141679}
  m_PrefabAsset: {fileID: 0}
--- !u!4 &3592823155228200580 stripped
Transform:
  m_CorrespondingSourceObject: {fileID: -8679921383154817045, guid: 761306c16b20f4c4c9645bc73ae06fd8, type: 3}
  m_PrefabInstance: {fileID: 3915594976768141679}
  m_PrefabAsset: {fileID: 0}
--- !u!1001 &9090859549087188499
PrefabInstance:
  m_ObjectHideFlags: 0
  serializedVersion: 2
  m_Modification:
    m_TransformParent: {fileID: 4883658920773859412}
    m_Modifications:
    - target: {fileID: 212330682698260022, guid: b4461b79644df0b4c875ff4cc50099aa, type: 3}
      propertyPath: m_UseGravity
      value: 0
      objectReference: {fileID: 0}
    - target: {fileID: 212330682698260022, guid: b4461b79644df0b4c875ff4cc50099aa, type: 3}
      propertyPath: m_Constraints
      value: 116
      objectReference: {fileID: 0}
    - target: {fileID: 212330682698260022, guid: b4461b79644df0b4c875ff4cc50099aa, type: 3}
      propertyPath: m_Interpolate
      value: 1
      objectReference: {fileID: 0}
    - target: {fileID: 2823727205977762525, guid: b4461b79644df0b4c875ff4cc50099aa, type: 3}
      propertyPath: m_Name
      value: Patato
      objectReference: {fileID: 0}
    - target: {fileID: 2823727205977762525, guid: b4461b79644df0b4c875ff4cc50099aa, type: 3}
      propertyPath: m_IsActive
      value: 0
      objectReference: {fileID: 0}
    - target: {fileID: 3558017536891228867, guid: b4461b79644df0b4c875ff4cc50099aa, type: 3}
      propertyPath: m_RootOrder
      value: 0
      objectReference: {fileID: 0}
    - target: {fileID: 3558017536891228867, guid: b4461b79644df0b4c875ff4cc50099aa, type: 3}
      propertyPath: m_LocalPosition.x
      value: -0.0035788515
      objectReference: {fileID: 0}
    - target: {fileID: 3558017536891228867, guid: b4461b79644df0b4c875ff4cc50099aa, type: 3}
      propertyPath: m_LocalPosition.y
      value: 0.014000006
      objectReference: {fileID: 0}
    - target: {fileID: 3558017536891228867, guid: b4461b79644df0b4c875ff4cc50099aa, type: 3}
      propertyPath: m_LocalPosition.z
      value: 0.016999997
      objectReference: {fileID: 0}
    - target: {fileID: 3558017536891228867, guid: b4461b79644df0b4c875ff4cc50099aa, type: 3}
      propertyPath: m_LocalRotation.w
      value: 0
      objectReference: {fileID: 0}
    - target: {fileID: 3558017536891228867, guid: b4461b79644df0b4c875ff4cc50099aa, type: 3}
      propertyPath: m_LocalRotation.x
      value: 0.7071068
      objectReference: {fileID: 0}
    - target: {fileID: 3558017536891228867, guid: b4461b79644df0b4c875ff4cc50099aa, type: 3}
      propertyPath: m_LocalRotation.y
      value: -0
      objectReference: {fileID: 0}
    - target: {fileID: 3558017536891228867, guid: b4461b79644df0b4c875ff4cc50099aa, type: 3}
      propertyPath: m_LocalRotation.z
      value: 0.7071068
      objectReference: {fileID: 0}
    - target: {fileID: 3558017536891228867, guid: b4461b79644df0b4c875ff4cc50099aa, type: 3}
      propertyPath: m_LocalEulerAnglesHint.x
      value: 0
      objectReference: {fileID: 0}
    - target: {fileID: 3558017536891228867, guid: b4461b79644df0b4c875ff4cc50099aa, type: 3}
      propertyPath: m_LocalEulerAnglesHint.y
      value: 0
      objectReference: {fileID: 0}
    - target: {fileID: 3558017536891228867, guid: b4461b79644df0b4c875ff4cc50099aa, type: 3}
      propertyPath: m_LocalEulerAnglesHint.z
      value: 0
      objectReference: {fileID: 0}
    m_RemovedComponents: []
  m_SourcePrefab: {fileID: 100100000, guid: b4461b79644df0b4c875ff4cc50099aa, type: 3}
--- !u!4 &5713280675567391952 stripped
Transform:
  m_CorrespondingSourceObject: {fileID: 3558017536891228867, guid: b4461b79644df0b4c875ff4cc50099aa, type: 3}
  m_PrefabInstance: {fileID: 9090859549087188499}
  m_PrefabAsset: {fileID: 0}
